<?xml version="1.0" encoding="UTF-8"?>
<!DOCTYPE html PUBLIC "-//W3C//DTD XHTML 1.0 Transitional//EN"
    "http://www.w3.org/TR/xhtml1/DTD/xhtml1-transitional.dtd">
<html xmlns="http://www.w3.org/1999/xhtml" xml:lang="en" lang="en">
 <head>
  <title>
</title>
<meta http-equiv="Content-Type" content="text/html;charset=utf-8" />
  <meta name='ocr-system' content='tesseract 3.04.00' />
  <meta name='ocr-capabilities' content='ocr_page ocr_carea ocr_par ocr_line ocrx_word'/>
</head>
<body>
  <div class='ocr_page' id='page_1' title='image "./inscriptionvmla02unkngoog_0037.png"; bbox 0 0 3502 5487; ppageno 0'>
   <div class='ocr_carea' id='block_1_1' title="bbox 342 618 2861 1146">
    <p class='ocr_par' dir='ltr' id='par_1_1' title="bbox 342 618 2861 1060">
     <span class='ocr_line' id='line_1_1' title="bbox 342 618 2860 703; baseline -0.001 -14"><span class='ocrx_word' id='word_1_1' title='bbox 342 657 466 691; x_wconf 78' lang='lat' dir='ltr'>vero</span> <span class='ocrx_word' id='word_1_2' title='bbox 512 655 659 702; x_wconf 82' lang='lat' dir='ltr'>quum</span> <span class='ocrx_word' id='word_1_3' title='bbox 711 656 772 690; x_wconf 77' lang='lat' dir='ltr'>ex</span> <span class='ocrx_word' id='word_1_4' title='bbox 821 640 1156 691; x_wconf 68' lang='lat' dir='ltr'>Tirahoeelato</span> <span class='ocrx_word' id='word_1_5' title='bbox 1197 618 1314 691; x_wconf 78' lang='lat' dir='ltr'>satis</span> <span class='ocrx_word' id='word_1_6' title='bbox 1371 650 1593 703; x_wconf 87' lang='lat' dir='ltr'>constet,</span> <span class='ocrx_word' id='word_1_7' title='bbox 1652 643 1987 690; x_wconf 72' lang='lat' dir='ltr'>cmucvlu</span> <span class='ocrx_word' id='word_1_8' title='bbox 2040 656 2126 700; x_wconf 89' lang='lat' dir='ltr'>per</span> <span class='ocrx_word' id='word_1_9' title='bbox 2175 642 2426 699; x_wconf 79' lang='lat' dir='ltr'>Hispanias</span> <span class='ocrx_word' id='word_1_10' title='bbox 2471 642 2566 687; x_wconf 86' lang='lat' dir='ltr'>iter</span> <span class='ocrx_word' id='word_1_11' title='bbox 2619 655 2860 700; x_wconf 88' lang='lat' dir='ltr'>nunqnam</span> 
     </span>
     <span class='ocr_line' id='line_1_2' title="bbox 345 729 2859 797; baseline -0.001 -20"><span class='ocrx_word' id='word_1_12' title='bbox 345 733 649 786; x_wconf 82' lang='lat' dir='ltr'>instituisse,</span> <span class='ocrx_word' id='word_1_13' title='bbox 704 732 1015 777; x_wconf 80' lang='lat' dir='ltr'>manifestum</span> <span class='ocrx_word' id='word_1_14' title='bbox 1065 739 1166 788; x_wconf 87' lang='lat' dir='ltr'>est,</span> <span class='ocrx_word' id='word_1_15' title='bbox 1231 739 1456 790; x_wconf 82' lang='lat' dir='ltr'>peracute</span> <span class='ocrx_word' id='word_1_16' title='bbox 1505 734 1744 797; x_wconf 69' lang='lat' dir='ltr'>divinasse</span> <span class='ocrx_word' id='word_1_17' title='bbox 1791 729 2209 793; x_wconf 77' lang='lat' dir='ltr'>Hagenbuclu&#39;um</span> <span class='ocrx_word' id='word_1_18' title='bbox 2231 763 2244 785; x_wconf 91' lang='lat'>,</span> <span class='ocrx_word' id='word_1_19' title='bbox 2300 730 2653 776; x_wconf 81' lang='lat' dir='ltr'>fraudulentum</span> <span class='ocrx_word' id='word_1_20' title='bbox 2695 732 2859 776; x_wconf 88' lang='lat' dir='ltr'>nescio</span> 
     </span>
     <span class='ocr_line' id='line_1_3' title="bbox 347 817 2858 881; baseline -0.002 -15"><span class='ocrx_word' id='word_1_21' title='bbox 347 835 495 880; x_wconf 83' lang='lat' dir='ltr'>quem</span> <span class='ocrx_word' id='word_1_22' title='bbox 524 821 797 875; x_wconf 85' lang='lat' dir='ltr'>hominem,</span> <span class='ocrx_word' id='word_1_23' title='bbox 836 817 959 865; x_wconf 79' lang='lat' dir='ltr'>fictis</span> <span class='ocrx_word' id='word_1_24' title='bbox 988 835 1019 864; x_wconf 90' lang='lat' dir='ltr'>a</span> <span class='ocrx_word' id='word_1_25' title='bbox 1047 835 1099 866; x_wconf 90' lang='lat' dir='ltr'>se</span> <span class='ocrx_word' id='word_1_26' title='bbox 1124 821 1358 878; x_wconf 84' lang='lat' dir='ltr'>lapidibus</span> <span class='ocrx_word' id='word_1_27' title='bbox 1376 855 1388 878; x_wconf 90' lang='lat'>‚</span> <span class='ocrx_word' id='word_1_28' title='bbox 1430 836 1524 881; x_wconf 83' lang='lat' dir='ltr'>quo</span> <span class='ocrx_word' id='word_1_29' title='bbox 1548 822 1782 867; x_wconf 82' lang='lat' dir='ltr'>maiorem</span> <span class='ocrx_word' id='word_1_30' title='bbox 1806 822 1867 869; x_wconf 90' lang='lat' dir='ltr'>iis</span> <span class='ocrx_word' id='word_1_31' title='bbox 1893 821 2226 866; x_wconf 83' lang='lat' dir='ltr'>auctoritatem</span> <span class='ocrx_word' id='word_1_32' title='bbox 2251 818 2561 875; x_wconf 85' lang='lat' dir='ltr'>conciliaret,</span> <span class='ocrx_word' id='word_1_33' title='bbox 2600 819 2858 865; x_wconf 72' lang='lat' dir='ltr'>CYRIACI</span> 
     </span>
     <span class='ocr_line' id='line_1_4' title="bbox 349 906 2861 971; baseline -0.002 -16"><span class='ocrx_word' id='word_1_34' title='bbox 349 911 548 956; x_wconf 87' lang='lat' dir='ltr'>nomine</span> <span class='ocrx_word' id='word_1_35' title='bbox 612 906 919 967; x_wconf 81' lang='lat' dir='ltr'>praefigendo</span> <span class='ocrx_word' id='word_1_36' title='bbox 974 910 1145 965; x_wconf 85' lang='lat' dir='ltr'>duplex</span> <span class='ocrx_word' id='word_1_37' title='bbox 1204 912 1502 957; x_wconf 72' lang='lat' dir='ltr'>commisisse</span> <span class='ocrx_word' id='word_1_38' title='bbox 1562 910 1813 971; x_wconf 77' lang='lat' dir='ltr'>flagitium.</span> <span class='ocrx_word' id='word_1_39' title='bbox 1920 909 2140 956; x_wconf 76' lang='lat' dir='ltr'>Fictitias</span> <span class='ocrx_word' id='word_1_40' title='bbox 2198 910 2317 954; x_wconf 83' lang='lat' dir='ltr'>istas</span> <span class='ocrx_word' id='word_1_41' title='bbox 2377 908 2624 965; x_wconf 81' lang='lat' dir='ltr'>Inscriptt.</span> <span class='ocrx_word' id='word_1_42' title='bbox 2685 907 2861 955; x_wconf 83' lang='lat' dir='ltr'>babent</span> 
     </span>
     <span class='ocr_line' id='line_1_5' title="bbox 349 993 1155 1060; baseline 0.001 -18"><span class='ocrx_word' id='word_1_43' title='bbox 349 997 621 1060; x_wconf 60' lang='grc' dir='ltr'>Δρὶοιιυ,</span> <span class='ocrx_word' id='word_1_44' title='bbox 660 993 884 1041; x_wconf 64' lang='grc' dir='ltr'><strong><em>Μοναὶἱε</em></strong></span> <span class='ocrx_word' id='word_1_45' title='bbox 921 1002 970 1042; x_wconf 91' lang='lat' dir='ltr'>et</span> <span class='ocrx_word' id='word_1_46' title='bbox 1004 995 1155 1043; x_wconf 83' lang='lat' dir='ltr'>Occo.</span> 
     </span>
    </p>

    <p class='ocr_par' dir='ltr' id='par_1_2' title="bbox 383 1036 2860 1146">
     <span class='ocr_line' id='line_1_6' title="bbox 383 1036 2860 1146; baseline -0.001 -16"><span class='ocrx_word' id='word_1_47' title='bbox 383 1085 689 1130; x_wconf 47' lang='lat' dir='ltr'>*³131st</span> <span class='ocrx_word' id='word_1_48' title='bbox 745 1083 1093 1141; x_wconf 60' lang='lat' dir='ltr'>(Francia-ue)</span> <span class='ocrx_word' id='word_1_49' title='bbox 1140 1084 1481 1132; x_wconf 86' lang='lat' dir='ltr'>Commentitia</span> <span class='ocrx_word' id='word_1_50' title='bbox 1534 1087 1713 1146; x_wconf 86' lang='lat' dir='ltr'>passim</span> <span class='ocrx_word' id='word_1_51' title='bbox 1765 1086 2000 1133; x_wconf 80' lang='lat' dir='ltr'>habentur</span> <span class='ocrx_word' id='word_1_52' title='bbox 2050 1087 2101 1132; x_wconf 86' lang='lat' dir='ltr'>iu</span> <span class='ocrx_word' id='word_1_53' title='bbox 2149 1086 2253 1133; x_wconf 76' lang='lat' dir='ltr'>eius</span> <span class='ocrx_word' id='word_1_54' title='bbox 2303 1036 2697 1146; x_wconf 63' lang='lat' dir='ltr'>Antiquitatibus</span> <span class='ocrx_word' id='word_1_55' title='bbox 2745 1082 2860 1128; x_wconf 82' lang='lat' dir='ltr'>Vm·</span> 
     </span>
    </p>
   </div>
   <div class='ocr_carea' id='block_1_2' title="bbox 351 1170 1482 1308">
    <p class='ocr_par' dir='ltr' id='par_1_3' title="bbox 351 1170 1482 1308">
     <span class='ocr_line' id='line_1_7' title="bbox 351 1170 1482 1234; baseline 0.001 -14"><span class='ocrx_word' id='word_1_56' title='bbox 351 1174 562 1220; x_wconf 68' lang='lat' dir='ltr'>brorum</span> <span class='ocrx_word' id='word_1_57' title='bbox 598 1186 645 1218; x_wconf 70' lang='grc' dir='ltr'><strong>ν.</strong></span> <span class='ocrx_word' id='word_1_58' title='bbox 682 1170 947 1234; x_wconf 74' lang='lat' dir='ltr'>Maffeium</span> <span class='ocrx_word' id='word_1_59' title='bbox 984 1176 1041 1219; x_wconf 90' lang='lat' dir='ltr'>A.</span> <span class='ocrx_word' id='word_1_60' title='bbox 1084 1174 1142 1219; x_wconf 89' lang='lat' dir='ltr'>C.</span> <span class='ocrx_word' id='word_1_61' title='bbox 1182 1173 1241 1218; x_wconf 87' lang='lat'>1..</span> <span class='ocrx_word' id='word_1_62' title='bbox 1276 1187 1325 1231; x_wconf 95' lang='grc' dir='ltr'><strong>Ρ.</strong></span> <span class='ocrx_word' id='word_1_63' title='bbox 1362 1172 1482 1222; x_wconf 72' lang='grc'><strong>477.</strong></span> 
     </span>
     <span class='ocr_line' id='line_1_8' title="bbox 495 1253 1261 1308; baseline 0.003 -2"><span class='ocrx_word' id='word_1_64' title='bbox 495 1253 911 1307; x_wconf 78' lang='lat' dir='ltr'>DODWELLVS</span> <span class='ocrx_word' id='word_1_65' title='bbox 948 1262 1056 1308; x_wconf 82' lang='lat' dir='ltr'>vide</span> <span class='ocrx_word' id='word_1_66' title='bbox 1098 1260 1261 1308; x_wconf 66' lang='lat' dir='ltr'>Vives.</span> 
     </span>
    </p>
   </div>
   <div class='ocr_carea' id='block_1_3' title="bbox 354 1348 2871 2207">
    <p class='ocr_par' dir='ltr' id='par_1_4' title="bbox 354 1348 2867 1851">
     <span class='ocr_line' id='line_1_9' title="bbox 498 1348 2861 1409; baseline -0 -14"><span class='ocrx_word' id='word_1_67' title='bbox 498 1348 804 1395; x_wconf 67' lang='lat' dir='ltr'>noNa‘rvs</span> <span class='ocrx_word' id='word_1_68' title='bbox 843 1348 1213 1406; x_wconf 74' lang='lat' dir='ltr'>(Sebastianus)</span> <span class='ocrx_word' id='word_1_69' title='bbox 1250 1350 1519 1396; x_wconf 84' lang='lat' dir='ltr'>Utilissima</span> <span class='ocrx_word' id='word_1_70' title='bbox 1562 1350 1775 1409; x_wconf 80' lang='lat' dir='ltr'>quamvis</span> <span class='ocrx_word' id='word_1_71' title='bbox 1825 1352 1922 1396; x_wconf 86' lang='lat' dir='ltr'>sint</span> <span class='ocrx_word' id='word_1_72' title='bbox 1963 1350 2066 1396; x_wconf 87' lang='lat' dir='ltr'>eius</span> <span class='ocrx_word' id='word_1_73' title='bbox 2105 1351 2433 1407; x_wconf 85' lang='lat' dir='ltr'>supplementa</span> <span class='ocrx_word' id='word_1_74' title='bbox 2480 1349 2718 1397; x_wconf 76' lang='lat' dir='ltr'><strong>Thesauri</strong></span> <span class='ocrx_word' id='word_1_75' title='bbox 2753 1350 2861 1395; x_wconf 79' lang='lat' dir='ltr'>Mu-</span> 
     </span>
     <span class='ocr_line' id='line_1_10' title="bbox 354 1434 2865 1496; baseline -0 -12"><span class='ocrx_word' id='word_1_76' title='bbox 354 1439 595 1484; x_wconf 78' lang='lat' dir='ltr'>ratoriani</span> <span class='ocrx_word' id='word_1_77' title='bbox 642 1440 703 1483; x_wconf 89' lang='lat' dir='ltr'>iis</span> <span class='ocrx_word' id='word_1_78' title='bbox 750 1440 1037 1493; x_wconf 87' lang='lat' dir='ltr'>praesertim</span> <span class='ocrx_word' id='word_1_79' title='bbox 1058 1470 1072 1493; x_wconf 93' lang='lat'><em>‚</em></span> <span class='ocrx_word' id='word_1_80' title='bbox 1125 1441 1203 1496; x_wconf 90' lang='lat' dir='ltr'>qui</span> <span class='ocrx_word' id='word_1_81' title='bbox 1248 1444 1413 1484; x_wconf 89' lang='lat' dir='ltr'>carent</span> <span class='ocrx_word' id='word_1_82' title='bbox 1449 1440 1750 1495; x_wconf 83' lang='lat' dir='ltr'>Passioneo‚</span> <span class='ocrx_word' id='word_1_83' title='bbox 1801 1434 2200 1495; x_wconf 81' lang='lat' dir='ltr'>Ephemeridibus</span> <span class='ocrx_word' id='word_1_84' title='bbox 2249 1444 2298 1484; x_wconf 91' lang='lat' dir='ltr'>et</span> <span class='ocrx_word' id='word_1_85' title='bbox 2335 1440 2582 1484; x_wconf 78' lang='lat' dir='ltr'>variorum</span> <span class='ocrx_word' id='word_1_86' title='bbox 2622 1440 2865 1494; x_wconf 73' lang='lat' dir='ltr'>opusculis</span> 
     </span>
     <span class='ocr_line' id='line_1_11' title="bbox 357 1527 2866 1587; baseline -0.001 -14"><span class='ocrx_word' id='word_1_87' title='bbox 357 1528 542 1573; x_wconf 81' lang='lat' dir='ltr'>Italicis</span> <span class='ocrx_word' id='word_1_88' title='bbox 575 1528 637 1571; x_wconf 85' lang='lat' dir='ltr'>ab</span> <span class='ocrx_word' id='word_1_89' title='bbox 668 1540 728 1571; x_wconf 89' lang='lat' dir='ltr'>eo</span> <span class='ocrx_word' id='word_1_90' title='bbox 764 1527 1023 1585; x_wconf 79' lang='lat' dir='ltr'>diligenter</span> <span class='ocrx_word' id='word_1_91' title='bbox 1063 1528 1321 1583; x_wconf 77' lang='lat' dir='ltr'>excerptis,</span> <span class='ocrx_word' id='word_1_92' title='bbox 1359 1529 1408 1572; x_wconf 90' lang='lat' dir='ltr'>in</span> <span class='ocrx_word' id='word_1_93' title='bbox 1445 1542 1503 1573; x_wconf 91' lang='lat' dir='ltr'>eo</span> <span class='ocrx_word' id='word_1_94' title='bbox 1533 1533 1689 1573; x_wconf 88' lang='lat' dir='ltr'>tamen</span> <span class='ocrx_word' id='word_1_95' title='bbox 1717 1529 2135 1584; x_wconf 81' lang='lat' dir='ltr'>reprehendendus</span> <span class='ocrx_word' id='word_1_96' title='bbox 2172 1533 2262 1583; x_wconf 85' lang='lat' dir='ltr'>est,</span> <span class='ocrx_word' id='word_1_97' title='bbox 2303 1529 2427 1587; x_wconf 88' lang='lat' dir='ltr'>quod</span> <span class='ocrx_word' id='word_1_98' title='bbox 2457 1529 2694 1573; x_wconf 87' lang='lat' dir='ltr'>interdum</span> <span class='ocrx_word' id='word_1_99' title='bbox 2724 1540 2866 1572; x_wconf 81' lang='lat' dir='ltr'>saxo·</span> 
     </span>
     <span class='ocr_line' id='line_1_12' title="bbox 356 1615 2867 1675; baseline -0.001 -14"><span class='ocrx_word' id='word_1_100' title='bbox 356 1630 471 1661; x_wconf 85' lang='lat' dir='ltr'>rum</span> <span class='ocrx_word' id='word_1_101' title='bbox 523 1616 631 1660; x_wconf 86' lang='lat' dir='ltr'>loca</span> <span class='ocrx_word' id='word_1_102' title='bbox 684 1615 879 1659; x_wconf 77' lang='lat' dir='ltr'>silentio</span> <span class='ocrx_word' id='word_1_103' title='bbox 928 1615 1274 1671; x_wconf 74' lang='lat' dir='ltr'>praetermisit.</span> <span class='ocrx_word' id='word_1_104' title='bbox 1365 1615 1571 1662; x_wconf 84' lang='lat' dir='ltr'>Subinde</span> <span class='ocrx_word' id='word_1_105' title='bbox 1598 1630 1805 1675; x_wconf 56' lang='lat' dir='ltr'>‚quoque</span> <span class='ocrx_word' id='word_1_106' title='bbox 1850 1616 1899 1661; x_wconf 90' lang='lat' dir='ltr'>in</span> <span class='ocrx_word' id='word_1_107' title='bbox 1945 1617 2163 1661; x_wconf 66' lang='lat' dir='ltr'>fraudem</span> <span class='ocrx_word' id='word_1_108' title='bbox 2209 1617 2424 1662; x_wconf 82' lang='lat' dir='ltr'>inductus</span> <span class='ocrx_word' id='word_1_109' title='bbox 2467 1621 2615 1662; x_wconf 67' lang='lat' dir='ltr'>esta</span> <span class='ocrx_word' id='word_1_110' title='bbox 2669 1616 2867 1661; x_wconf 85' lang='lat' dir='ltr'>Schedis</span> 
     </span>
     <span class='ocr_line' id='line_1_13' title="bbox 360 1702 2864 1767; baseline -0.001 -16"><span class='ocrx_word' id='word_1_111' title='bbox 360 1706 412 1751; x_wconf 84' lang='lat' dir='ltr'>in</span> <span class='ocrx_word' id='word_1_112' title='bbox 449 1704 619 1760; x_wconf 86' lang='lat' dir='ltr'>primis</span> <span class='ocrx_word' id='word_1_113' title='bbox 649 1702 788 1748; x_wconf 76' lang='lat' dir='ltr'>Petri</span> <span class='ocrx_word' id='word_1_114' title='bbox 823 1702 1136 1748; x_wconf 68' lang='lat' dir='ltr'>Guoccflu</span> <span class='ocrx_word' id='word_1_115' title='bbox 1171 1705 1442 1760; x_wconf 83' lang='lat' dir='ltr'>Brixianis,</span> <span class='ocrx_word' id='word_1_116' title='bbox 1493 1706 1870 1762; x_wconf 79' lang='lat' dir='ltr'>corruptissimis</span> <span class='ocrx_word' id='word_1_117' title='bbox 1906 1706 2212 1763; x_wconf 88' lang='lat' dir='ltr'>plerumque,</span> <span class='ocrx_word' id='word_1_118' title='bbox 2229 1707 2338 1767; x_wconf 57' lang='lat' dir='ltr'>,vel</span> <span class='ocrx_word' id='word_1_119' title='bbox 2378 1708 2581 1763; x_wconf 78' lang='lat' dir='ltr'>prorsus</span> <span class='ocrx_word' id='word_1_120' title='bbox 2611 1705 2864 1761; x_wconf 81' lang='lat' dir='ltr'>suspectis.</span> 
     </span>
     <span class='ocr_line' id='line_1_14' title="bbox 356 1792 2214 1851; baseline 0.001 -12"><span class='ocrx_word' id='word_1_121' title='bbox 356 1792 575 1839; x_wconf 70' lang='lat' dir='ltr'>Easdem</span> <span class='ocrx_word' id='word_1_122' title='bbox 608 1806 758 1847; x_wconf 83' lang='lat' dir='ltr'>porro</span> <span class='ocrx_word' id='word_1_123' title='bbox 788 1792 1126 1849; x_wconf 79' lang='lat' dir='ltr'>inscriptiones</span> <span class='ocrx_word' id='word_1_124' title='bbox 1161 1793 1441 1851; x_wconf 78' lang='lat' dir='ltr'>quandoque</span> <span class='ocrx_word' id='word_1_125' title='bbox 1476 1798 1658 1840; x_wconf 85' lang='lat' dir='ltr'>temere</span> <span class='ocrx_word' id='word_1_126' title='bbox 1695 1809 1750 1839; x_wconf 85' lang='lat' dir='ltr'>ac</span> <span class='ocrx_word' id='word_1_127' title='bbox 1784 1795 1986 1840; x_wconf 81' lang='lat' dir='ltr'>fortuito</span> <span class='ocrx_word' id='word_1_128' title='bbox 2020 1795 2214 1851; x_wconf 86' lang='lat' dir='ltr'>repetit.</span> 
     </span>
    </p>

    <p class='ocr_par' dir='ltr' id='par_1_5' title="bbox 359 1858 2871 2207">
     <span class='ocr_line' id='line_1_15' title="bbox 507 1858 2870 1940; baseline 0.001 -16"><span class='ocrx_word' id='word_1_129' title='bbox 507 1870 746 1927; x_wconf 72' lang='lat' dir='ltr'>Dou&#39;lvs</span> <span class='ocrx_word' id='word_1_130' title='bbox 784 1879 877 1935; x_wconf 74' lang='grc' dir='ltr'><strong>(Ῑο.</strong></span> <span class='ocrx_word' id='word_1_131' title='bbox 917 1858 1169 1939; x_wconf 65' lang='lat' dir='ltr'>Baptista)</span> <span class='ocrx_word' id='word_1_132' title='bbox 1209 1881 1401 1938; x_wconf 85' lang='lat' dir='ltr'>Optima</span> <span class='ocrx_word' id='word_1_133' title='bbox 1441 1884 1631 1940; x_wconf 87' lang='lat' dir='ltr'>quidem</span> <span class='ocrx_word' id='word_1_134' title='bbox 1673 1880 1764 1928; x_wconf 85' lang='lat' dir='ltr'>fide</span> <span class='ocrx_word' id='word_1_135' title='bbox 1801 1889 1850 1928; x_wconf 90' lang='lat' dir='ltr'>et</span> <span class='ocrx_word' id='word_1_136' title='bbox 1889 1884 2009 1929; x_wconf 87' lang='lat' dir='ltr'>scite</span> <span class='ocrx_word' id='word_1_137' title='bbox 2043 1888 2260 1928; x_wconf 78' lang='lat' dir='ltr'>versatus</span> <span class='ocrx_word' id='word_1_138' title='bbox 2310 1888 2384 1928; x_wconf 86' lang='lat' dir='ltr'>est</span> <span class='ocrx_word' id='word_1_139' title='bbox 2429 1882 2475 1928; x_wconf 90' lang='lat' dir='ltr'>in</span> <span class='ocrx_word' id='word_1_140' title='bbox 2506 1881 2742 1939; x_wconf 74' lang='lat' dir='ltr'>lapidibus</span> <span class='ocrx_word' id='word_1_141' title='bbox 2786 1893 2870 1927; x_wconf 85' lang='lat' dir='ltr'>ex·</span> 
     </span>
     <span class='ocr_line' id='line_1_16' title="bbox 364 1966 2868 2030; baseline -0.001 -15"><span class='ocrx_word' id='word_1_142' title='bbox 364 1966 638 2015; x_wconf 81' lang='lat' dir='ltr'>scribendis</span> <span class='ocrx_word' id='word_1_143' title='bbox 668 1974 716 2013; x_wconf 92' lang='lat' dir='ltr'>et</span> <span class='ocrx_word' id='word_1_144' title='bbox 748 1970 1054 2027; x_wconf 73' lang='lat' dir='ltr'>undequaque</span> <span class='ocrx_word' id='word_1_145' title='bbox 1084 1970 1393 2029; x_wconf 72' lang='lat' dir='ltr'>colligendis,</span> <span class='ocrx_word' id='word_1_146' title='bbox 1433 1972 1516 2015; x_wconf 89' lang='lat' dir='ltr'>sed</span> <span class='ocrx_word' id='word_1_147' title='bbox 1541 1972 1681 2016; x_wconf 86' lang='lat' dir='ltr'>aliter</span> <span class='ocrx_word' id='word_1_148' title='bbox 1709 1969 1815 2017; x_wconf 85' lang='lat' dir='ltr'>fieri</span> <span class='ocrx_word' id='word_1_149' title='bbox 1847 1986 1941 2018; x_wconf 92' lang='lat' dir='ltr'>non</span> <span class='ocrx_word' id='word_1_150' title='bbox 1977 1974 2157 2029; x_wconf 81' lang='lat' dir='ltr'>potuit,</span> <span class='ocrx_word' id='word_1_151' title='bbox 2195 1972 2322 2030; x_wconf 51' lang='lat' dir='ltr'>quin*</span> <span class='ocrx_word' id='word_1_152' title='bbox 2345 1973 2447 2029; x_wconf 85' lang='lat' dir='ltr'>ipse</span> <span class='ocrx_word' id='word_1_153' title='bbox 2483 1985 2669 2030; x_wconf 86' lang='lat' dir='ltr'>quoque</span> <span class='ocrx_word' id='word_1_154' title='bbox 2706 1975 2807 2015; x_wconf 85' lang='lat' dir='ltr'>tum</span> <span class='ocrx_word' id='word_1_155' title='bbox 2836 1982 2868 2013; x_wconf 85' lang='lat' dir='ltr'>a</span> 
     </span>
     <span class='ocr_line' id='line_1_17' title="bbox 360 2057 2871 2121; baseline -0.001 -17"><span class='ocrx_word' id='word_1_156' title='bbox 360 2057 614 2119; x_wconf 72' lang='lat' dir='ltr'>Ligario,</span> <span class='ocrx_word' id='word_1_157' title='bbox 652 2057 930 2115; x_wconf 78' lang='lat' dir='ltr'>schedisque</span> <span class='ocrx_word' id='word_1_158' title='bbox 968 2072 1026 2103; x_wconf 80' lang='lat' dir='ltr'>ex</span> <span class='ocrx_word' id='word_1_159' title='bbox 1063 2058 1325 2117; x_wconf 82' lang='lat' dir='ltr'>Ligoriano</span> <span class='ocrx_word' id='word_1_160' title='bbox 1363 2059 1588 2105; x_wconf 82' lang='lat' dir='ltr'>thesauro</span> <span class='ocrx_word' id='word_1_161' title='bbox 1630 2061 1859 2106; x_wconf 79' lang='lat' dir='ltr'>derivatis</span> <span class='ocrx_word' id='word_1_162' title='bbox 1880 2093 1894 2117; x_wconf 92' lang='lat'>,</span> <span class='ocrx_word' id='word_1_163' title='bbox 1936 2067 2035 2107; x_wconf 89' lang='lat' dir='ltr'>tum</span> <span class='ocrx_word' id='word_1_164' title='bbox 2069 2074 2098 2106; x_wconf 88' lang='lat' dir='ltr'>a</span> <span class='ocrx_word' id='word_1_165' title='bbox 2132 2062 2280 2108; x_wconf 81' lang='lat' dir='ltr'>variis</span> <span class='ocrx_word' id='word_1_166' title='bbox 2314 2061 2597 2121; x_wconf 72' lang='lat' dir='ltr'>antiquariis</span> <span class='ocrx_word' id='word_1_167' title='bbox 2632 2065 2682 2106; x_wconf 90' lang='lat' dir='ltr'>et</span> <span class='ocrx_word' id='word_1_168' title='bbox 2711 2059 2871 2103; x_wconf 72' lang='lat' dir='ltr'>histo-</span> 
     </span>
     <span class='ocr_line' id='line_1_18' title="bbox 359 2138 1975 2207; baseline 0.001 -15"><span class='ocrx_word' id='word_1_169' title='bbox 359 2147 483 2192; x_wconf 83' lang='lat' dir='ltr'>ricis</span> <span class='ocrx_word' id='word_1_170' title='bbox 517 2146 873 2201; x_wconf 79' lang='lat' dir='ltr'>scriptoribus,</span> <span class='ocrx_word' id='word_1_171' title='bbox 913 2159 1033 2204; x_wconf 88' lang='lat' dir='ltr'>qnos</span> <span class='ocrx_word' id='word_1_172' title='bbox 1070 2147 1341 2203; x_wconf 86' lang='lat' dir='ltr'>consuluit,</span> <span class='ocrx_word' id='word_1_173' title='bbox 1379 2149 1617 2192; x_wconf 82' lang='lat' dir='ltr'>interdum</span> <span class='ocrx_word' id='word_1_174' title='bbox 1653 2138 1975 2207; x_wconf 85' lang='lat' dir='ltr'>deciperetur.</span> 
     </span>
    </p>
   </div>
   <div class='ocr_carea' id='block_1_4' title="bbox 294 2233 2874 2379">
    <p class='ocr_par' dir='ltr' id='par_1_6' title="bbox 294 2233 2874 2379">
     <span class='ocr_line' id='line_1_19' title="bbox 512 2233 2874 2298; baseline 0 -20"><span class='ocrx_word' id='word_1_175' title='bbox 512 2233 829 2279; x_wconf 76' lang='lat' dir='ltr'>DONNOLA</span> <span class='ocrx_word' id='word_1_176' title='bbox 865 2233 1213 2291; x_wconf 76' lang='lat' dir='ltr'>(Thaddaeus)</span> <span class='ocrx_word' id='word_1_177' title='bbox 1242 2236 1537 2293; x_wconf 59' lang='lat' dir='ltr'>*Hispellates</span> <span class='ocrx_word' id='word_1_178' title='bbox 1572 2237 1651 2282; x_wconf 82' lang='lat' dir='ltr'>hic</span> <span class='ocrx_word' id='word_1_179' title='bbox 1685 2238 2024 2296; x_wconf 82' lang='lat' dir='ltr'>inscriptiones</span> <span class='ocrx_word' id='word_1_180' title='bbox 2051 2239 2235 2298; x_wconf 89' lang='lat' dir='ltr'>aliquot</span> <span class='ocrx_word' id='word_1_181' title='bbox 2268 2236 2555 2284; x_wconf 77' lang='lat' dir='ltr'>confinxisse</span> <span class='ocrx_word' id='word_1_182' title='bbox 2594 2234 2874 2296; x_wconf 81' lang='lat' dir='ltr'>perhibetur</span> 
     </span>
     <span class='ocr_line' id='line_1_20' title="bbox 294 2319 1271 2379; baseline 0.003 -12"><span class='ocrx_word' id='word_1_183' title='bbox 294 2330 299 2335; x_wconf 83' lang='lat'>&#39;</span> <span class='ocrx_word' id='word_1_184' title='bbox 365 2336 397 2367; x_wconf 85' lang='lat' dir='ltr'>a</span> <span class='ocrx_word' id='word_1_185' title='bbox 434 2319 697 2368; x_wconf 65' lang='lat' dir='ltr'>zachae-ca</span> <span class='ocrx_word' id='word_1_186' title='bbox 732 2322 1022 2368; x_wconf 72' lang='lat' dir='ltr'>Iseituzione</span> <span class='ocrx_word' id='word_1_187' title='bbox 1061 2337 1109 2379; x_wconf 90' lang='lat' dir='ltr'>p.</span> <span class='ocrx_word' id='word_1_188' title='bbox 1150 2321 1271 2370; x_wconf 77' lang='grc'><strong>497.</strong></span> 
     </span>
    </p>
   </div>
   <div class='ocr_carea' id='block_1_5' title="bbox 366 2380 2873 2567">
    <p class='ocr_par' dir='ltr' id='par_1_7' title="bbox 366 2380 2873 2567">
     <span class='ocr_line' id='line_1_21' title="bbox 507 2380 2873 2474; baseline 0 -19"><span class='ocrx_word' id='word_1_189' title='bbox 507 2409 733 2456; x_wconf 77' lang='lat' dir='ltr'>DVNOD</span> <span class='ocrx_word' id='word_1_190' title='bbox 780 2409 843 2456; x_wconf 83' lang='lat' dir='ltr'>de</span> <span class='ocrx_word' id='word_1_191' title='bbox 892 2407 1178 2471; x_wconf 71' lang='lat' dir='ltr'>Charnage.</span> <span class='ocrx_word' id='word_1_192' title='bbox 1265 2412 1398 2470; x_wconf 81' lang='lat' dir='ltr'>Quos</span> <span class='ocrx_word' id='word_1_193' title='bbox 1440 2380 1624 2469; x_wconf 60' lang='lat' dir='ltr'>lapides·</span> <span class='ocrx_word' id='word_1_194' title='bbox 1658 2414 1738 2458; x_wconf 88' lang='lat' dir='ltr'>dat</span> <span class='ocrx_word' id='word_1_195' title='bbox 1772 2414 1821 2459; x_wconf 89' lang='lat' dir='ltr'>in</span> <span class='ocrx_word' id='word_1_196' title='bbox 1856 2411 2085 2460; x_wconf 68' lang='lat' dir='ltr'>Histoire</span> <span class='ocrx_word' id='word_1_197' title='bbox 2120 2413 2191 2461; x_wconf 67' lang='lat' dir='ltr'>dn</span> <span class='ocrx_word' id='word_1_198' title='bbox 2228 2410 2404 2460; x_wconf 61' lang='lat' dir='ltr'>Comi!</span> <span class='ocrx_word' id='word_1_199' title='bbox 2430 2412 2494 2460; x_wconf 79' lang='lat' dir='ltr'>de</span> <span class='ocrx_word' id='word_1_200' title='bbox 2531 2410 2873 2474; x_wconf 67' lang='lat' dir='ltr'>Rom-gogus,</span> 
     </span>
     <span class='ocr_line' id='line_1_22' title="bbox 366 2496 2044 2567; baseline 0.002 -22"><span class='ocrx_word' id='word_1_201' title='bbox 366 2506 418 2545; x_wconf 85' lang='lat' dir='ltr'>et</span> <span class='ocrx_word' id='word_1_202' title='bbox 447 2497 691 2545; x_wconf 68' lang='lat' dir='ltr'>Marem</span> <span class='ocrx_word' id='word_1_203' title='bbox 725 2498 905 2567; x_wconf 64' lang='lat' dir='ltr'>Sudore</span> <span class='ocrx_word' id='word_1_204' title='bbox 941 2498 1140 2544; x_wconf 61' lang='lat' dir='ltr'>lancie:-</span> <span class='ocrx_word' id='word_1_205' title='bbox 1179 2496 1331 2546; x_wconf 71' lang='grc'><strong>1743.</strong></span> <span class='ocrx_word' id='word_1_206' title='bbox 1352 2532 1366 2556; x_wconf 85' lang='grc'><em>,</em></span> <span class='ocrx_word' id='word_1_207' title='bbox 1406 2507 1543 2547; x_wconf 84' lang='lat' dir='ltr'>caute</span> <span class='ocrx_word' id='word_1_208' title='bbox 1579 2508 1690 2547; x_wconf 88' lang='lat' dir='ltr'>sunt</span> <span class='ocrx_word' id='word_1_209' title='bbox 1725 2503 2044 2549; x_wconf 76' lang='lat' dir='ltr'>examinandi.</span> 
     </span>
    </p>
   </div>
   <div class='ocr_carea' id='block_1_6' title="bbox 359 2586 2880 2916">
    <p class='ocr_par' dir='ltr' id='par_1_8' title="bbox 359 2586 2873 2739">
     <span class='ocr_line' id='line_1_23' title="bbox 506 2586 2873 2651; baseline 0 -19"><span class='ocrx_word' id='word_1_210' title='bbox 506 2586 901 2633; x_wconf 76' lang='lat' dir='ltr'>Emzzolwm</span> <span class='ocrx_word' id='word_1_211' title='bbox 953 2588 1123 2647; x_wconf 73' lang='lat' dir='ltr'>dpmus</span> <span class='ocrx_word' id='word_1_212' title='bbox 1182 2590 1400 2651; x_wconf 77' lang='lat' dir='ltr'>Venetiis</span> <span class='ocrx_word' id='word_1_213' title='bbox 1452 2588 1653 2636; x_wconf 84' lang='lat' dir='ltr'>Graecis</span> <span class='ocrx_word' id='word_1_214' title='bbox 1708 2590 1945 2648; x_wconf 73' lang='lat' dir='ltr'>lapidibus</span> <span class='ocrx_word' id='word_1_215' title='bbox 2002 2596 2223 2637; x_wconf 82' lang='lat' dir='ltr'>recenter</span> <span class='ocrx_word' id='word_1_216' title='bbox 2281 2590 2479 2647; x_wconf 82' lang='lat' dir='ltr'>scriptis</span> <span class='ocrx_word' id='word_1_217' title='bbox 2528 2594 2636 2635; x_wconf 88' lang='lat' dir='ltr'>erat</span> <span class='ocrx_word' id='word_1_218' title='bbox 2671 2588 2873 2635; x_wconf 82' lang='lat' dir='ltr'>referta.</span> 
     </span>
     <span class='ocr_line' id='line_1_24' title="bbox 359 2672 1065 2739; baseline 0 -17"><span class='ocrx_word' id='word_1_219' title='bbox 359 2672 548 2739; x_wconf 67' lang='lat' dir='ltr'>Hqffeo&#39;</span> <span class='ocrx_word' id='word_1_220' title='bbox 579 2679 639 2722; x_wconf 76' lang='lat' dir='ltr'>A.</span> <span class='ocrx_word' id='word_1_221' title='bbox 681 2676 741 2721; x_wconf 83' lang='lat' dir='ltr'>C.</span> <span class='ocrx_word' id='word_1_222' title='bbox 779 2676 839 2720; x_wconf 84' lang='lat'>1..</span> <span class='ocrx_word' id='word_1_223' title='bbox 880 2689 929 2733; x_wconf 87' lang='lat' dir='ltr'>p.</span> <span class='ocrx_word' id='word_1_224' title='bbox 981 2673 1065 2722; x_wconf 88' lang='grc'>76.</span> 
     </span>
    </p>

    <p class='ocr_par' dir='ltr' id='par_1_9' title="bbox 365 2763 2880 2916">
     <span class='ocr_line' id='line_1_25' title="bbox 508 2763 2878 2826; baseline -0.001 -14"><span class='ocrx_word' id='word_1_225' title='bbox 508 2763 890 2812; x_wconf 71' lang='lat' dir='ltr'>FABRETTVS</span> <span class='ocrx_word' id='word_1_226' title='bbox 944 2763 1265 2823; x_wconf 68' lang='lat' dir='ltr'>(Ruph0e1)&#39;)</span> <span class='ocrx_word' id='word_1_227' title='bbox 1300 2766 1484 2813; x_wconf 85' lang='lat' dir='ltr'>Dubiae</span> <span class='ocrx_word' id='word_1_228' title='bbox 1507 2798 1521 2822; x_wconf 92' lang='lat'>,</span> <span class='ocrx_word' id='word_1_229' title='bbox 1579 2772 1632 2813; x_wconf 90' lang='lat' dir='ltr'>ut</span> <span class='ocrx_word' id='word_1_230' title='bbox 1663 2767 2018 2824; x_wconf 67' lang='lat' dir='ltr'>praediximus,</span> <span class='ocrx_word' id='word_1_231' title='bbox 2062 2767 2364 2813; x_wconf 72' lang='lat' dir='ltr'>auctoritatis</span> <span class='ocrx_word' id='word_1_232' title='bbox 2401 2771 2450 2813; x_wconf 90' lang='lat' dir='ltr'>et</span> <span class='ocrx_word' id='word_1_233' title='bbox 2483 2765 2743 2826; x_wconf 83' lang='lat' dir='ltr'>Ligoriana</span> <span class='ocrx_word' id='word_1_234' title='bbox 2777 2766 2878 2823; x_wconf 85' lang='lat' dir='ltr'>ple-</span> 
     </span>
     <span class='ocr_line' id='line_1_26' title="bbox 365 2852 2880 2916; baseline -0.002 -15"><span class='ocrx_word' id='word_1_235' title='bbox 365 2869 572 2913; x_wconf 78' lang='lat' dir='ltr'>rumque</span> <span class='ocrx_word' id='word_1_236' title='bbox 614 2859 753 2909; x_wconf 91' lang='lat' dir='ltr'>sunt,</span> <span class='ocrx_word' id='word_1_237' title='bbox 795 2867 1101 2912; x_wconf 78' lang='lat' dir='ltr'>quaecunque</span> <span class='ocrx_word' id='word_1_238' title='bbox 1132 2868 1193 2900; x_wconf 79' lang='lat' dir='ltr'>ex</span> <span class='ocrx_word' id='word_1_239' title='bbox 1230 2853 1494 2901; x_wconf 65' lang='lat' dir='ltr'>Vaticanis</span> <span class='ocrx_word' id='word_1_240' title='bbox 1529 2855 1717 2901; x_wconf 79' lang='lat' dir='ltr'>schedis</span> <span class='ocrx_word' id='word_1_241' title='bbox 1748 2858 2017 2914; x_wconf 78' lang='lat' dir='ltr'>excerpsit3</span> <span class='ocrx_word' id='word_1_242' title='bbox 2057 2870 2209 2916; x_wconf 83' lang='lat' dir='ltr'>neque</span> <span class='ocrx_word' id='word_1_243' title='bbox 2252 2869 2445 2911; x_wconf 86' lang='lat' dir='ltr'>semper</span> <span class='ocrx_word' id='word_1_244' title='bbox 2479 2852 2720 2899; x_wconf 82' lang='lat' dir='ltr'>fidendum</span> <span class='ocrx_word' id='word_1_245' title='bbox 2749 2852 2880 2898; x_wconf 68' lang='lat' dir='ltr'>Bar-</span> 
     </span>
    </p>
   </div>
   <div class='ocr_carea' id='block_1_7' title="bbox 366 2925 2908 4431">
    <p class='ocr_par' dir='ltr' id='par_1_10' title="bbox 366 2925 2880 3191">
     <span class='ocr_line' id='line_1_27' title="bbox 366 2925 2878 3018; baseline 0 -20"><span class='ocrx_word' id='word_1_246' title='bbox 366 2953 583 2999; x_wconf 67' lang='lat' dir='ltr'>herim’ae.</span> <span class='ocrx_word' id='word_1_247' title='bbox 633 2925 879 2999; x_wconf 55' lang='lat' dir='ltr'>Interdum</span> <span class='ocrx_word' id='word_1_248' title='bbox 898 2955 1041 2999; x_wconf 89' lang='lat' dir='ltr'>etiam</span> <span class='ocrx_word' id='word_1_249' title='bbox 1061 2956 1263 3010; x_wconf 85' lang='lat' dir='ltr'>nescias,</span> <span class='ocrx_word' id='word_1_250' title='bbox 1288 2952 1592 3000; x_wconf 52' lang='lat' dir='ltr'>umeaxa</span> <span class='ocrx_word' id='word_1_251' title='bbox 1614 2956 1693 3000; x_wconf 83' lang='lat' dir='ltr'>det</span> <span class='ocrx_word' id='word_1_252' title='bbox 1725 2966 1787 3000; x_wconf 75' lang='lat' dir='ltr'>ez</span> <span class='ocrx_word' id='word_1_253' title='bbox 1820 2939 2130 3018; x_wconf 76' lang='grc' dir='ltr'><em>ἁυτοψίᾳ,</em></span> <span class='ocrx_word' id='word_1_254' title='bbox 2171 2967 2229 2998; x_wconf 90' lang='lat' dir='ltr'>an</span> <span class='ocrx_word' id='word_1_255' title='bbox 2260 2967 2320 2999; x_wconf 79' lang='lat' dir='ltr'>ex</span> <span class='ocrx_word' id='word_1_256' title='bbox 2357 2951 2644 3013; x_wconf 72' lang='lat' dir='ltr'>apographis</span> <span class='ocrx_word' id='word_1_257' title='bbox 2678 2958 2878 2998; x_wconf 83' lang='lat' dir='ltr'>tantum.</span> 
     </span>
     <span class='ocr_line' id='line_1_28' title="bbox 367 3042 2880 3102; baseline 0 -15"><span class='ocrx_word' id='word_1_258' title='bbox 367 3042 444 3088; x_wconf 76' lang='lat' dir='ltr'>Ex</span> <span class='ocrx_word' id='word_1_259' title='bbox 481 3043 773 3101; x_wconf 75' lang='lat' dir='ltr'>negligentia</span> <span class='ocrx_word' id='word_1_260' title='bbox 808 3045 1010 3102; x_wconf 85' lang='lat' dir='ltr'>quadam</span> <span class='ocrx_word' id='word_1_261' title='bbox 1045 3043 1150 3088; x_wconf 81' lang='lat' dir='ltr'>loca</span> <span class='ocrx_word' id='word_1_262' title='bbox 1187 3056 1414 3087; x_wconf 83' lang='lat' dir='ltr'>saxorum</span> <span class='ocrx_word' id='word_1_263' title='bbox 1450 3044 1728 3101; x_wconf 80' lang='lat' dir='ltr'>frequenter</span> <span class='ocrx_word' id='word_1_264' title='bbox 1766 3047 1915 3098; x_wconf 88' lang='lat' dir='ltr'>tacet,</span> <span class='ocrx_word' id='word_1_265' title='bbox 1956 3044 2202 3101; x_wconf 75' lang='lat' dir='ltr'>quamvis,</span> <span class='ocrx_word' id='word_1_266' title='bbox 2244 3048 2292 3088; x_wconf 88' lang='lat' dir='ltr'>ut</span> <span class='ocrx_word' id='word_1_267' title='bbox 2327 3044 2515 3088; x_wconf 79' lang='lat' dir='ltr'>aliunde</span> <span class='ocrx_word' id='word_1_268' title='bbox 2548 3043 2756 3098; x_wconf 82' lang='lat' dir='ltr'>scimus,</span> <span class='ocrx_word' id='word_1_269' title='bbox 2805 3043 2880 3088; x_wconf 72' lang='lat' dir='ltr'>vel</span> 
     </span>
     <span class='ocr_line' id='line_1_29' title="bbox 366 3129 2565 3191; baseline 0 -15"><span class='ocrx_word' id='word_1_270' title='bbox 366 3130 604 3191; x_wconf 76' lang='lat' dir='ltr'>Ligurius</span> <span class='ocrx_word' id='word_1_271' title='bbox 648 3145 704 3175; x_wconf 89' lang='lat' dir='ltr'>ea</span> <span class='ocrx_word' id='word_1_272' title='bbox 740 3145 770 3175; x_wconf 87' lang='lat' dir='ltr'>a</span> <span class='ocrx_word' id='word_1_273' title='bbox 800 3145 853 3176; x_wconf 93' lang='lat' dir='ltr'>se</span> <span class='ocrx_word' id='word_1_274' title='bbox 892 3145 1035 3187; x_wconf 86' lang='lat' dir='ltr'>saepe</span> <span class='ocrx_word' id='word_1_275' title='bbox 1072 3145 1179 3176; x_wconf 90' lang='lat' dir='ltr'>cum</span> <span class='ocrx_word' id='word_1_276' title='bbox 1209 3133 1340 3176; x_wconf 81' lang='lat' dir='ltr'>saxis</span> <span class='ocrx_word' id='word_1_277' title='bbox 1372 3133 1490 3187; x_wconf 83' lang='lat' dir='ltr'>ipsis</span> <span class='ocrx_word' id='word_1_278' title='bbox 1527 3129 1727 3177; x_wconf 82' lang='lat' dir='ltr'>conficta</span> <span class='ocrx_word' id='word_1_279' title='bbox 1760 3132 2039 3189; x_wconf 87' lang='lat' dir='ltr'>plerumque</span> <span class='ocrx_word' id='word_1_280' title='bbox 2077 3132 2266 3175; x_wconf 84' lang='lat' dir='ltr'>curiose</span> <span class='ocrx_word' id='word_1_281' title='bbox 2304 3137 2565 3176; x_wconf 87' lang='lat' dir='ltr'>enotasset.</span> 
     </span>
    </p>

    <p class='ocr_par' dir='ltr' id='par_1_11' title="bbox 371 3218 2887 3456">
     <span class='ocr_line' id='line_1_30' title="bbox 512 3218 2887 3279; baseline 0 -15"><span class='ocrx_word' id='word_1_282' title='bbox 512 3218 852 3264; x_wconf 66' lang='lat' dir='ltr'>Pannlcrvs</span> <span class='ocrx_word' id='word_1_283' title='bbox 904 3218 1201 3279; x_wconf 74' lang='lat' dir='ltr'>(Georgius)</span> <span class='ocrx_word' id='word_1_284' title='bbox 1254 3219 1331 3264; x_wconf 79' lang='lat' dir='ltr'>Ex</span> <span class='ocrx_word' id='word_1_285' title='bbox 1374 3220 1515 3264; x_wconf 83' lang='lat' dir='ltr'>huius</span> <span class='ocrx_word' id='word_1_286' title='bbox 1558 3234 1742 3278; x_wconf 86' lang='lat' dir='ltr'>quoque</span> <span class='ocrx_word' id='word_1_287' title='bbox 1793 3220 1988 3275; x_wconf 85' lang='lat' dir='ltr'>scriptis</span> <span class='ocrx_word' id='word_1_288' title='bbox 2039 3220 2182 3263; x_wconf 86' lang='lat' dir='ltr'>dubia</span> <span class='ocrx_word' id='word_1_289' title='bbox 2231 3221 2466 3276; x_wconf 81' lang='lat' dir='ltr'>quaedam</span> <span class='ocrx_word' id='word_1_290' title='bbox 2511 3221 2558 3264; x_wconf 82' lang='lat' dir='ltr'>in</span> <span class='ocrx_word' id='word_1_291' title='bbox 2607 3218 2789 3264; x_wconf 75' lang='lat' dir='ltr'>Smetii</span> <span class='ocrx_word' id='word_1_292' title='bbox 2818 3224 2887 3273; x_wconf 85' lang='lat' dir='ltr'>et</span> 
     </span>
     <span class='ocr_line' id='line_1_31' title="bbox 371 3298 2887 3366; baseline 0 -14"><span class='ocrx_word' id='word_1_293' title='bbox 371 3304 589 3353; x_wconf 74' lang='lat' dir='ltr'>craten·</span> <span class='ocrx_word' id='word_1_294' title='bbox 624 3306 880 3352; x_wconf 76' lang='lat' dir='ltr'>thesauros</span> <span class='ocrx_word' id='word_1_295' title='bbox 923 3309 1249 3364; x_wconf 77' lang='lat' dir='ltr'>transierunt3</span> <span class='ocrx_word' id='word_1_296' title='bbox 1259 3298 1399 3363; x_wconf 83' lang='lat' dir='ltr'>(cfr.</span> <span class='ocrx_word' id='word_1_297' title='bbox 1446 3308 1587 3354; x_wconf 88' lang='lat' dir='ltr'>Grut.</span> <span class='ocrx_word' id='word_1_298' title='bbox 1635 3309 1778 3364; x_wconf 87' lang='lat' dir='ltr'>Spur.</span> <span class='ocrx_word' id='word_1_299' title='bbox 1822 3304 1882 3363; x_wconf 87' lang='grc'>3,</span> <span class='ocrx_word' id='word_1_300' title='bbox 1926 3305 1972 3353; x_wconf 88' lang='grc'>6.</span> <span class='ocrx_word' id='word_1_301' title='bbox 2015 3308 2134 3365; x_wconf 87' lang='lat' dir='ltr'>cet.)</span> <span class='ocrx_word' id='word_1_302' title='bbox 2170 3322 2265 3354; x_wconf 91' lang='lat' dir='ltr'>non</span> <span class='ocrx_word' id='word_1_303' title='bbox 2303 3310 2436 3366; x_wconf 82' lang='lat' dir='ltr'>quod·</span> <span class='ocrx_word' id='word_1_304' title='bbox 2461 3310 2564 3365; x_wconf 87' lang='lat' dir='ltr'>ipse</span> <span class='ocrx_word' id='word_1_305' title='bbox 2601 3307 2786 3354; x_wconf 78' lang='lat' dir='ltr'>fraudis</span> <span class='ocrx_word' id='word_1_306' title='bbox 2822 3309 2887 3353; x_wconf 86' lang='lat' dir='ltr'>sit</span> 
     </span>
     <span class='ocr_line' id='line_1_32' title="bbox 371 3396 2030 3456; baseline 0 -15"><span class='ocrx_word' id='word_1_307' title='bbox 371 3397 687 3453; x_wconf 82' lang='lat' dir='ltr'>postulandus</span> <span class='ocrx_word' id='word_1_308' title='bbox 711 3427 723 3449; x_wconf 91' lang='lat'>,</span> <span class='ocrx_word' id='word_1_309' title='bbox 764 3397 848 3440; x_wconf 88' lang='lat' dir='ltr'>sed</span> <span class='ocrx_word' id='word_1_310' title='bbox 877 3397 1029 3452; x_wconf 85' lang='lat' dir='ltr'>decipi</span> <span class='ocrx_word' id='word_1_311' title='bbox 1073 3410 1126 3441; x_wconf 93' lang='lat' dir='ltr'>se</span> <span class='ocrx_word' id='word_1_312' title='bbox 1166 3409 1334 3452; x_wconf 80' lang='lat' dir='ltr'>passus</span> <span class='ocrx_word' id='word_1_313' title='bbox 1372 3401 1449 3441; x_wconf 89' lang='lat' dir='ltr'>est</span> <span class='ocrx_word' id='word_1_314' title='bbox 1481 3397 1541 3441; x_wconf 87' lang='lat' dir='ltr'>ab</span> <span class='ocrx_word' id='word_1_315' title='bbox 1575 3396 1775 3456; x_wconf 71' lang='lat' dir='ltr'>Apiano</span> <span class='ocrx_word' id='word_1_316' title='bbox 1809 3398 2030 3456; x_wconf 83' lang='lat' dir='ltr'>aliisque.</span> 
     </span>
    </p>

    <p class='ocr_par' dir='ltr' id='par_1_12' title="bbox 374 3481 2908 4344">
     <span class='ocr_line' id='line_1_33' title="bbox 514 3481 2887 3551; baseline 0.001 -24"><span class='ocrx_word' id='word_1_317' title='bbox 514 3484 826 3529; x_wconf 76' lang='lat' dir='ltr'>PALSARII.</span> <span class='ocrx_word' id='word_1_318' title='bbox 902 3483 1230 3544; x_wconf 70' lang='lat' dir='ltr'>„Segnior-ius</span> <span class='ocrx_word' id='word_1_319' title='bbox 1265 3485 1358 3541; x_wconf 83' lang='lat' dir='ltr'>Ep.</span> <span class='ocrx_word' id='word_1_320' title='bbox 1407 3481 1456 3530; x_wconf 83' lang='lat'>5.</span> <span class='ocrx_word' id='word_1_321' title='bbox 1490 3500 1537 3530; x_wconf 89' lang='lat' dir='ltr'>a.</span> <span class='ocrx_word' id='word_1_322' title='bbox 1584 3482 1735 3551; x_wconf 62' lang='lat'>1754.</span> <span class='ocrx_word' id='word_1_323' title='bbox 1777 3486 1923 3533; x_wconf 86' lang='lat' dir='ltr'>babet</span> <span class='ocrx_word' id='word_1_324' title='bbox 1958 3486 2188 3544; x_wconf 84' lang='lat' dir='ltr'>quaedam</span> <span class='ocrx_word' id='word_1_325' title='bbox 2224 3486 2281 3532; x_wconf 85' lang='lat' dir='ltr'>de</span> <span class='ocrx_word' id='word_1_326' title='bbox 2317 3485 2575 3542; x_wconf 87' lang='lat' dir='ltr'>suppositis</span> <span class='ocrx_word' id='word_1_327' title='bbox 2611 3485 2887 3540; x_wconf 85' lang='lat' dir='ltr'>inscriptio-</span> 
     </span>
     <span class='ocr_line' id='line_1_34' title="bbox 376 3547 2885 3632; baseline -0.001 -15"><span class='ocrx_word' id='word_1_328' title='bbox 376 3572 555 3626; x_wconf 86' lang='lat' dir='ltr'>nibus,</span> <span class='ocrx_word' id='word_1_329' title='bbox 597 3547 776 3630; x_wconf 38' lang='lat' dir='ltr'>quibus&#39;</span> <span class='ocrx_word' id='word_1_330' title='bbox 811 3573 1019 3617; x_wconf 77' lang='lat' dir='ltr'>maxime</span> <span class='ocrx_word' id='word_1_331' title='bbox 1054 3572 1141 3618; x_wconf 85' lang='lat' dir='ltr'>bac</span> <span class='ocrx_word' id='word_1_332' title='bbox 1186 3576 1466 3629; x_wconf 82' lang='lat' dir='ltr'>tempestate</span> <span class='ocrx_word' id='word_1_333' title='bbox 1512 3575 1800 3629; x_wconf 78' lang='lat' dir='ltr'>cavendum,</span> <span class='ocrx_word' id='word_1_334' title='bbox 1840 3580 1889 3619; x_wconf 90' lang='lat' dir='ltr'>et</span> <span class='ocrx_word' id='word_1_335' title='bbox 1922 3588 2041 3632; x_wconf 84' lang='lat' dir='ltr'>quae</span> <span class='ocrx_word' id='word_1_336' title='bbox 2079 3575 2259 3620; x_wconf 82' lang='lat' dir='ltr'>Romae</span> <span class='ocrx_word' id='word_1_337' title='bbox 2304 3576 2590 3630; x_wconf 83' lang='lat' dir='ltr'>praesertim</span> <span class='ocrx_word' id='word_1_338' title='bbox 2626 3588 2653 3616; x_wconf 87' lang='lat' dir='ltr'>a</span> <span class='ocrx_word' id='word_1_339' title='bbox 2691 3581 2885 3628; x_wconf 74' lang='lat' dir='ltr'>perver-</span> 
     </span>
     <span class='ocr_line' id='line_1_35' title="bbox 374 3660 2888 3721; baseline 0 -14"><span class='ocrx_word' id='word_1_340' title='bbox 374 3660 584 3708; x_wconf 70' lang='lat' dir='ltr'>sissimis</span> <span class='ocrx_word' id='word_1_341' title='bbox 619 3661 832 3704; x_wconf 74' lang='lat' dir='ltr'>falsariis</span> <span class='ocrx_word' id='word_1_342' title='bbox 876 3662 1207 3719; x_wconf 87' lang='lat' dir='ltr'>antiquitatum</span> <span class='ocrx_word' id='word_1_343' title='bbox 1250 3661 1514 3707; x_wconf 83' lang='lat' dir='ltr'>cuttoribus</span> <span class='ocrx_word' id='word_1_344' title='bbox 1562 3662 1886 3709; x_wconf 76' lang='lat' dir='ltr'>obiiciantur:</span> <span class='ocrx_word' id='word_1_345' title='bbox 1949 3669 2049 3708; x_wconf 87' lang='lat' dir='ltr'>tum</span> <span class='ocrx_word' id='word_1_346' title='bbox 2085 3665 2143 3708; x_wconf 90' lang='lat' dir='ltr'>de</span> <span class='ocrx_word' id='word_1_347' title='bbox 2181 3665 2384 3721; x_wconf 81' lang='lat' dir='ltr'>quodam</span> <span class='ocrx_word' id='word_1_348' title='bbox 2425 3662 2746 3707; x_wconf 86' lang='lat' dir='ltr'>marmorario</span> <span class='ocrx_word' id='word_1_349' title='bbox 2788 3662 2888 3707; x_wconf 78' lang='lat' dir='ltr'>Ve-</span> 
     </span>
     <span class='ocr_line' id='line_1_36' title="bbox 377 3750 2887 3810; baseline 0 -16"><span class='ocrx_word' id='word_1_350' title='bbox 377 3751 520 3794; x_wconf 80' lang='lat' dir='ltr'>netiis</span> <span class='ocrx_word' id='word_1_351' title='bbox 568 3754 679 3793; x_wconf 81' lang='lat' dir='ltr'>tunc</span> <span class='ocrx_word' id='word_1_352' title='bbox 725 3750 960 3804; x_wconf 87' lang='lat' dir='ltr'>temporis</span> <span class='ocrx_word' id='word_1_353' title='bbox 1009 3751 1237 3809; x_wconf 83' lang='lat' dir='ltr'>degente,</span> <span class='ocrx_word' id='word_1_354' title='bbox 1300 3752 1380 3810; x_wconf 80' lang='lat' dir='ltr'>qui</span> <span class='ocrx_word' id='word_1_355' title='bbox 1428 3750 1621 3796; x_wconf 82' lang='lat' dir='ltr'>fictitias</span> <span class='ocrx_word' id='word_1_356' title='bbox 1676 3752 2014 3807; x_wconf 84' lang='lat' dir='ltr'>inscriptiones</span> <span class='ocrx_word' id='word_1_357' title='bbox 2076 3753 2307 3807; x_wconf 87' lang='lat' dir='ltr'>plurimas</span> <span class='ocrx_word' id='word_1_358' title='bbox 2364 3753 2659 3795; x_wconf 77' lang='lat' dir='ltr'>marmorum</span> <span class='ocrx_word' id='word_1_359' title='bbox 2713 3750 2887 3795; x_wconf 83' lang='lat' dir='ltr'>crustis</span> 
     </span>
     <span class='ocr_line' id='line_1_37' title="bbox 378 3837 2887 3895; baseline 0.001 -14"><span class='ocrx_word' id='word_1_360' title='bbox 378 3837 653 3891; x_wconf 81' lang='lat' dir='ltr'>incidebat,</span> <span class='ocrx_word' id='word_1_361' title='bbox 694 3842 743 3881; x_wconf 90' lang='lat' dir='ltr'>et</span> <span class='ocrx_word' id='word_1_362' title='bbox 784 3843 1023 3895; x_wconf 80' lang='lat' dir='ltr'>tamquam</span> <span class='ocrx_word' id='word_1_363' title='bbox 1064 3845 1225 3884; x_wconf 83' lang='lat' dir='ltr'>essent</span> <span class='ocrx_word' id='word_1_364' title='bbox 1274 3853 1300 3884; x_wconf 89' lang='lat' dir='ltr'>e</span> <span class='ocrx_word' id='word_1_365' title='bbox 1343 3838 1547 3884; x_wconf 79' lang='lat' dir='ltr'>Graecia</span> <span class='ocrx_word' id='word_1_366' title='bbox 1580 3841 1657 3884; x_wconf 60' lang='lat' dir='ltr'>vel</span> <span class='ocrx_word' id='word_1_367' title='bbox 1699 3841 1889 3885; x_wconf 85' lang='lat' dir='ltr'>aliunde</span> <span class='ocrx_word' id='word_1_368' title='bbox 1931 3841 2131 3894; x_wconf 85' lang='lat' dir='ltr'>allatae,</span> <span class='ocrx_word' id='word_1_369' title='bbox 2172 3841 2289 3885; x_wconf 83' lang='lat' dir='ltr'>dura</span> <span class='ocrx_word' id='word_1_370' title='bbox 2329 3840 2487 3884; x_wconf 76' lang='lat' dir='ltr'>fronte</span> <span class='ocrx_word' id='word_1_371' title='bbox 2530 3840 2732 3884; x_wconf 87' lang='lat' dir='ltr'>incautis</span> <span class='ocrx_word' id='word_1_372' title='bbox 2773 3852 2887 3884; x_wconf 73' lang='lat' dir='ltr'>ven-</span> 
     </span>
     <span class='ocr_line' id='line_1_38' title="bbox 377 3925 2888 3988; baseline 0.001 -17"><span class='ocrx_word' id='word_1_373' title='bbox 377 3926 539 3971; x_wconf 76' lang='lat' dir='ltr'>debat.</span> <span class='ocrx_word' id='word_1_374' title='bbox 616 3926 816 3971; x_wconf 76' lang='lat' dir='ltr'>Memini</span> <span class='ocrx_word' id='word_1_375' title='bbox 861 3940 1048 3985; x_wconf 87' lang='lat' dir='ltr'>quoque</span> <span class='ocrx_word' id='word_1_376' title='bbox 1092 3925 1467 3983; x_wconf 72' lang='lat' dir='ltr'>Mazzolenum,</span> <span class='ocrx_word' id='word_1_377' title='bbox 1508 3942 1654 3988; x_wconf 82' lang='lat' dir='ltr'>quum</span> <span class='ocrx_word' id='word_1_378' title='bbox 1690 3928 1855 3973; x_wconf 85' lang='lat' dir='ltr'>Turici</span> <span class='ocrx_word' id='word_1_379' title='bbox 1898 3934 2309 3982; x_wconf 80' lang='lat' dir='ltr'>commoraretur,</span> <span class='ocrx_word' id='word_1_380' title='bbox 2350 3928 2464 3972; x_wconf 81' lang='lat' dir='ltr'>mibi</span> <span class='ocrx_word' id='word_1_381' title='bbox 2506 3942 2735 3982; x_wconf 84' lang='lat' dir='ltr'>narrare,</span> <span class='ocrx_word' id='word_1_382' title='bbox 2774 3928 2888 3973; x_wconf 73' lang='lat' dir='ltr'>mo·</span> 
     </span>
     <span class='ocr_line' id='line_1_39' title="bbox 374 4015 2908 4074; baseline 0 -15"><span class='ocrx_word' id='word_1_383' title='bbox 374 4015 562 4059; x_wconf 71' lang='lat' dir='ltr'>tentiae</span> <span class='ocrx_word' id='word_1_384' title='bbox 600 4015 837 4071; x_wconf 79' lang='lat' dir='ltr'>quendam</span> <span class='ocrx_word' id='word_1_385' title='bbox 878 4028 1101 4060; x_wconf 86' lang='lat' dir='ltr'>nummos</span> <span class='ocrx_word' id='word_1_386' title='bbox 1149 4017 1369 4074; x_wconf 86' lang='lat' dir='ltr'>antiquos</span> <span class='ocrx_word' id='word_1_387' title='bbox 1412 4017 1478 4060; x_wconf 78' lang='lat' dir='ltr'>ita</span> <span class='ocrx_word' id='word_1_388' title='bbox 1527 4017 1736 4070; x_wconf 84' lang='lat' dir='ltr'>imitari,</span> <span class='ocrx_word' id='word_1_389' title='bbox 1791 4021 1840 4063; x_wconf 87' lang='lat' dir='ltr'>ut</span> <span class='ocrx_word' id='word_1_390' title='bbox 1882 4017 2033 4061; x_wconf 75' lang='lat' dir='ltr'>falsos</span> <span class='ocrx_word' id='word_1_391' title='bbox 2074 4018 2205 4071; x_wconf 89' lang='lat' dir='ltr'>eius,</span> <span class='ocrx_word' id='word_1_392' title='bbox 2247 4018 2337 4061; x_wconf 88' lang='lat' dir='ltr'>nisi</span> <span class='ocrx_word' id='word_1_393' title='bbox 2379 4016 2620 4062; x_wconf 79' lang='lat' dir='ltr'>falsarius-</span> <span class='ocrx_word' id='word_1_394' title='bbox 2647 4018 2784 4073; x_wconf 84' lang='lat' dir='ltr'>ipse,</span> <span class='ocrx_word' id='word_1_395' title='bbox 2843 4019 2908 4062; x_wconf 74' lang='lat' dir='ltr'>et·</span> 
     </span>
     <span class='ocr_line' id='line_1_40' title="bbox 374 4100 2890 4168; baseline 0 -21"><span class='ocrx_word' id='word_1_396' title='bbox 374 4100 740 4157; x_wconf 67' lang='lat' dir='ltr'>Mateolenue,</span> <span class='ocrx_word' id='word_1_397' title='bbox 797 4116 940 4168; x_wconf 85' lang='lat' dir='ltr'>nemo</span> <span class='ocrx_word' id='word_1_398' title='bbox 990 4104 1248 4149; x_wconf 86' lang='lat' dir='ltr'>discernat.</span> <span class='ocrx_word' id='word_1_399' title='bbox 1324 4105 1644 4161; x_wconf 82' lang='lat' dir='ltr'>Impostorem</span> <span class='ocrx_word' id='word_1_400' title='bbox 1693 4104 1815 4150; x_wconf 87' lang='lat' dir='ltr'>bunc</span> <span class='ocrx_word' id='word_1_401' title='bbox 1856 4120 1884 4148; x_wconf 87' lang='lat' dir='ltr'>a</span> <span class='ocrx_word' id='word_1_402' title='bbox 1930 4103 2222 4149; x_wconf 72' lang='lat' dir='ltr'>Mazzoleno</span> <span class='ocrx_word' id='word_1_403' title='bbox 2278 4106 2578 4164; x_wconf 74' lang='lat' dir='ltr'>gravissimis</span> <span class='ocrx_word' id='word_1_404' title='bbox 2623 4105 2890 4151; x_wconf 78' lang='lat' dir='ltr'>rationibus</span> 
     </span>
     <span class='ocr_line' id='line_1_41' title="bbox 377 4186 2891 4262; baseline 0.001 -27"><span class='ocrx_word' id='word_1_405' title='bbox 377 4193 549 4235; x_wconf 81' lang='lat' dir='ltr'>adduci</span> <span class='ocrx_word' id='word_1_406' title='bbox 599 4204 698 4235; x_wconf 90' lang='lat' dir='ltr'>non</span> <span class='ocrx_word' id='word_1_407' title='bbox 754 4192 998 4247; x_wconf 82' lang='lat' dir='ltr'>potuisse,</span> <span class='ocrx_word' id='word_1_408' title='bbox 1056 4198 1107 4237; x_wconf 94' lang='lat' dir='ltr'>ut</span> <span class='ocrx_word' id='word_1_409' title='bbox 1157 4197 1314 4250; x_wconf 79' lang='lat' dir='ltr'>artem</span> <span class='ocrx_word' id='word_1_410' title='bbox 1364 4194 1623 4249; x_wconf 86' lang='lat' dir='ltr'>pessimam</span> <span class='ocrx_word' id='word_1_411' title='bbox 1675 4194 1921 4262; x_wconf 81' lang='lat' dir='ltr'>desineret</span> <span class='ocrx_word' id='word_1_412' title='bbox 1977 4194 2259 4244; x_wconf 77' lang='lat' dir='ltr'>exercere.’&#39;</span> <span class='ocrx_word' id='word_1_413' title='bbox 2328 4186 2603 4240; x_wconf 67' lang='lat' dir='ltr'>RAGENB&#39;.</span> <span class='ocrx_word' id='word_1_414' title='bbox 2667 4194 2891 4239; x_wconf 82' lang='lat' dir='ltr'>Graviter</span> 
     </span>
     <span class='ocr_line' id='line_1_42' title="bbox 377 4276 2771 4344; baseline 0.002 -21"><span class='ocrx_word' id='word_1_415' title='bbox 377 4276 649 4324; x_wconf 64' lang='grc' dir='ltr'><strong><em>Μάίηίιω</em></strong></span> <span class='ocrx_word' id='word_1_416' title='bbox 684 4293 874 4338; x_wconf 74' lang='lat' dir='ltr'>quoque</span> <span class='ocrx_word' id='word_1_417' title='bbox 905 4280 1089 4325; x_wconf 71' lang='lat' dir='ltr'>Iseriz:</span> <span class='ocrx_word' id='word_1_418' title='bbox 1131 4281 1322 4328; x_wconf 74' lang='lat' dir='ltr'>Albam</span> <span class='ocrx_word' id='word_1_419' title='bbox 1358 4295 1407 4339; x_wconf 87' lang='lat' dir='ltr'>p.</span> <span class='ocrx_word' id='word_1_420' title='bbox 1451 4280 1566 4329; x_wconf 87' lang='lat'>199.</span> <span class='ocrx_word' id='word_1_421' title='bbox 1608 4282 1657 4327; x_wconf 91' lang='lat' dir='ltr'>in</span> <span class='ocrx_word' id='word_1_422' title='bbox 1694 4282 1926 4326; x_wconf 88' lang='lat' dir='ltr'>eiusmodi</span> <span class='ocrx_word' id='word_1_423' title='bbox 1965 4282 2196 4344; x_wconf 87' lang='lat' dir='ltr'>quendam</span> <span class='ocrx_word' id='word_1_424' title='bbox 2232 4283 2480 4328; x_wconf 81' lang='lat' dir='ltr'>falsarium</span> <span class='ocrx_word' id='word_1_425' title='bbox 2515 4285 2771 4329; x_wconf 83' lang='lat' dir='ltr'>invehitur.</span> 
     </span>
    </p>

    <p class='ocr_par' dir='ltr' id='par_1_13' title="bbox 524 4367 2889 4431">
     <span class='ocr_line' id='line_1_43' title="bbox 524 4367 2889 4431; baseline 0.001 -19"><span class='ocrx_word' id='word_1_426' title='bbox 524 4367 970 4414; x_wconf 56' lang='lat' dir='ltr'>paam-:suumn</span> <span class='ocrx_word' id='word_1_427' title='bbox 1023 4368 1282 4425; x_wconf 72' lang='lat' dir='ltr'>Schedae,</span> <span class='ocrx_word' id='word_1_428' title='bbox 1322 4372 1494 4429; x_wconf 88' lang='lat' dir='ltr'>quibus</span> <span class='ocrx_word' id='word_1_429' title='bbox 1536 4382 1650 4415; x_wconf 84' lang='lat' dir='ltr'>usus</span> <span class='ocrx_word' id='word_1_430' title='bbox 1692 4376 1766 4415; x_wconf 89' lang='lat' dir='ltr'>est</span> <span class='ocrx_word' id='word_1_431' title='bbox 1803 4368 2122 4414; x_wconf 68' lang='lat' dir='ltr'>muratorius</span> <span class='ocrx_word' id='word_1_432' title='bbox 2145 4403 2159 4424; x_wconf 89' lang='lat'>,</span> <span class='ocrx_word' id='word_1_433' title='bbox 2221 4373 2352 4428; x_wconf 86' lang='lat' dir='ltr'>ipsae</span> <span class='ocrx_word' id='word_1_434' title='bbox 2396 4386 2584 4431; x_wconf 86' lang='lat' dir='ltr'>quoque</span> <span class='ocrx_word' id='word_1_435' title='bbox 2620 4373 2889 4429; x_wconf 84' lang='lat' dir='ltr'>inquinatae</span> 
     </span>
    </p>
   </div>
   <div class='ocr_carea' id='block_1_8' title="bbox 382 4453 2889 4602">
    <p class='ocr_par' dir='ltr' id='par_1_14' title="bbox 382 4453 2889 4602">
     <span class='ocr_line' id='line_1_44' title="bbox 382 4453 2889 4520; baseline -0 -18"><span class='ocrx_word' id='word_1_436' title='bbox 382 4461 524 4502; x_wconf 85' lang='lat' dir='ltr'>erant</span> <span class='ocrx_word' id='word_1_437' title='bbox 559 4456 868 4515; x_wconf 82' lang='lat' dir='ltr'>Ligerianis‚</span> <span class='ocrx_word' id='word_1_438' title='bbox 898 4459 1050 4517; x_wconf 70' lang='lat' dir='ltr'>longe</span> <span class='ocrx_word' id='word_1_439' title='bbox 1081 4460 1308 4506; x_wconf 84' lang='lat' dir='ltr'>meliores</span> <span class='ocrx_word' id='word_1_440' title='bbox 1342 4465 1499 4505; x_wconf 82' lang='lat' dir='ltr'>tamen</span> <span class='ocrx_word' id='word_1_441' title='bbox 1520 4459 1789 4506; x_wconf 77' lang='lat' dir='ltr'>‘Gudianis.</span> <span class='ocrx_word' id='word_1_442' title='bbox 1828 4472 1876 4503; x_wconf 72' lang='lat' dir='ltr'>v.</span> <span class='ocrx_word' id='word_1_443' title='bbox 1914 4453 2045 4503; x_wconf 76' lang='lat' dir='ltr'>Mu&#39;r.</span> <span class='ocrx_word' id='word_1_444' title='bbox 2077 4456 2253 4520; x_wconf 75' lang='lat' dir='ltr'>Praes.</span> <span class='ocrx_word' id='word_1_445' title='bbox 2283 4460 2342 4505; x_wconf 86' lang='grc' dir='ltr'><strong>Τ.</strong></span> <span class='ocrx_word' id='word_1_446' title='bbox 2374 4459 2424 4506; x_wconf 90' lang='grc'><strong>1.</strong></span> <span class='ocrx_word' id='word_1_447' title='bbox 2461 4475 2512 4517; x_wconf 89' lang='grc' dir='ltr'><strong>Ρ.</strong></span> <span class='ocrx_word' id='word_1_448' title='bbox 2544 4457 2594 4506; x_wconf 90' lang='grc'><strong>7.</strong></span> <span class='ocrx_word' id='word_1_449' title='bbox 2668 4460 2889 4517; x_wconf 78' lang='lat' dir='ltr'>Spurium</span> 
     </span>
     <span class='ocr_line' id='line_1_45' title="bbox 382 4543 1136 4602; baseline 0.005 -13"><span class='ocrx_word' id='word_1_450' title='bbox 382 4557 447 4589; x_wconf 85' lang='lat' dir='ltr'>ex</span> <span class='ocrx_word' id='word_1_451' title='bbox 481 4547 543 4589; x_wconf 87' lang='lat' dir='ltr'>iis</span> <span class='ocrx_word' id='word_1_452' title='bbox 580 4546 662 4589; x_wconf 86' lang='lat' dir='ltr'>dat</span> <span class='ocrx_word' id='word_1_453' title='bbox 702 4545 836 4591; x_wconf 81' lang='lat' dir='ltr'>Mur.</span> <span class='ocrx_word' id='word_1_454' title='bbox 881 4543 1044 4602; x_wconf 66' lang='lat'>1804,</span> <span class='ocrx_word' id='word_1_455' title='bbox 1085 4543 1136 4593; x_wconf 84' lang='lat'>5.</span> 
     </span>
    </p>
   </div>
   <div class='ocr_carea' id='block_1_9' title="bbox 391 4815 2890 4934">
    <p class='ocr_par' dir='ltr' id='par_1_15' title="bbox 391 4815 2890 4934">
     <span class='ocr_line' id='line_1_46' title="bbox 512 4815 2890 4876; baseline 0 -20"><span class='ocrx_word' id='word_1_456' title='bbox 512 4817 555 4869; x_wconf 71' lang='lat'>⁶)</span> <span class='ocrx_word' id='word_1_457' title='bbox 580 4815 686 4857; x_wconf 81' lang='lat' dir='ltr'>Sunt</span> <span class='ocrx_word' id='word_1_458' title='bbox 712 4818 757 4859; x_wconf 84' lang='lat' dir='ltr'>in</span> <span class='ocrx_word' id='word_1_459' title='bbox 786 4817 979 4859; x_wconf 69' lang='lat' dir='ltr'>Fabi-etto</span> <span class='ocrx_word' id='word_1_460' title='bbox 1005 4818 1289 4874; x_wconf 61' lang='grc' dir='ltr'>ἰιιιοιὴιαίοιιη</span> <span class='ocrx_word' id='word_1_461' title='bbox 1314 4825 1476 4874; x_wconf 69' lang='lat' dir='ltr'>praeter</span> <span class='ocrx_word' id='word_1_462' title='bbox 1503 4820 1587 4860; x_wconf 64' lang='lat'>4³³</span> <span class='ocrx_word' id='word_1_463' title='bbox 1615 4826 1806 4874; x_wconf 75' lang='lat' dir='ltr'>paternas</span> <span class='ocrx_word' id='word_1_464' title='bbox 1836 4822 1881 4863; x_wconf 80' lang='lat' dir='ltr'>ln</span> <span class='ocrx_word' id='word_1_465' title='bbox 1901 4819 2035 4876; x_wconf 54' lang='lat' dir='ltr'>Cema</span> <span class='ocrx_word' id='word_1_466' title='bbox 2058 4827 2150 4862; x_wconf 83' lang='lat' dir='ltr'>octo</span> <span class='ocrx_word' id='word_1_467' title='bbox 2167 4821 2397 4875; x_wconf 72' lang='lat' dir='ltr'>prioribus,</span> <span class='ocrx_word' id='word_1_468' title='bbox 2425 4819 2548 4860; x_wconf 74' lang='lat'>422⁵.</span> <span class='ocrx_word' id='word_1_469' title='bbox 2578 4817 2745 4860; x_wconf 77' lang='lat' dir='ltr'>Summa</span> <span class='ocrx_word' id='word_1_470' title='bbox 2766 4819 2890 4859; x_wconf 67' lang='lat'><strong>⁴683.</strong></span> 
     </span>
     <span class='ocr_line' id='line_1_47' title="bbox 391 4890 644 4934; baseline 0.008 -2"><span class='ocrx_word' id='word_1_471' title='bbox 391 4890 644 4934; x_wconf 72' lang='lat' dir='ltr'>HAGENB.</span> 
     </span>
    </p>
   </div>
  </div>
 </body>
</html>
