3502 5487
1210 400 1748 460 EPIGRAPHICA
1790 401 1925 459 VII.
2703 406 2811 465 537

289 536 423 588 bris
491 543 716 587 veteres
730 573 747 600 ,
838 553 976 606 quae
1036 538 1098 586 s'n
1162 533 1380 586 scheda's
1441 538 1781 586 recentiores
1853 533 2012 585 nobis
2082 537 2461 587 servaverint.
2555 537 2807 589 recitate

289 646 505 699 queste
572 628 925 701 sueaparole
993 633 1082 682 voi
1159 634 1556 701 soggiungete;
1642 627 1933 680 consilium
2001 625 2102 678 boc
2174 635 2394 678 tantum
2455 626 2613 679 abest
2644 667 2661 694 ,
2742 636 2806 680 nt

287 724 604 789 damnem,
672 722 840 774 laudo
888 727 1101 793 potius.
1189 723 1315 775 Non
1367 720 1574 774 dovevo
1608 718 1827 791 dunque
1867 716 2121 785 credere,
2187 720 2290 772 ebe
2337 724 2425 773 voi
2478 712 2799 793 approvastc

289 817 377 868 tal
449 834 558 869 suo
624 832 809 889 parere
841 819 866 868 7
941 817 1093 869 Dove
1156 814 1231 866 ho
1295 819 1351 867 io
1413 813 1565 869 detto
1631 815 1734 867 che
1799 818 1889 867 voi
1930 811 2197 867 'crediate
2261 812 2406 864 nihil
2463 814 2801 866 discriminis

286 910 672 962 statuendum
754 913 902 960 inter
981 923 1091 962 cet.
1174 916 1230 958 et
1301 927 1441 978 quae
1515 927 1588 960 ex
1659 909 1903 960 allorum
1982 905 2200 958 schedis
2261 906 2565 979 flagitiose
2632 922 2796 978 saepe

283 1009 599 1074 corruptis
646 1005 790 1057 eeu?
846 1003 973 1057 Non
1017 1002 1091 1053 ho
1136 1004 1249 1053 mai
1289 1016 1520 1073 pensato
1554 1002 1628 1054 tal
1669 1016 1818 1055 cosa.
1881 998 1958 1053 La
1992 1005 2100 1052 mia
2139 997 2356 1072 disputa
2393 1001 2480 1052 col
2520 1002 2793 1053 Muratori

286 1114 388 1149 era
412 1135 431 1162 ,
481 1114 542 1150 se
575 1101 655 1150 sia
696 1095 892 1150 inutile
935 1094 976 1148 il
1020 1111 1208 1147 ceroar
1246 1093 1301 1146 di
1341 1092 1531 1147 vedere
1572 1094 1621 1146 le
1661 1111 1833 1147 stesse
1870 1097 2077 1166 pietre,
2114 1110 2148 1145 o
2188 1110 2245 1146 ae
2287 1097 2367 1145 sia
2400 1093 2438 1144 1'
2479 1099 2674 1163 istesso
2707 1111 2795 1147 va-

284 1191 430 1242 lersi
471 1189 616 1243 delle
656 1189 899 1241 raccolte
947 1189 1109 1243 MSS.
1150 1205 1184 1240 o
1231 1187 1284 1240 di
1334 1193 1511 1261 copie.
1600 1186 1753 1240 Vedo
1806 1203 1934 1253 ora,
1996 1181 2097 1238 che
2150 1190 2238 1238 voi
2284 1201 2499 1238 nvevate
2547 1187 2690 1240 altro
2736 1194 2794 1241 in
2888 1210 2889 1213 ¹

284 1299 525 1348 mente,
591 1280 880 1335 scrivendo
918 1280 1094 1353 quelle
1134 1281 1352 1354 parole,
1415 1297 1504 1333 ma
1537 1299 1649 1333 non
1683 1296 1881 1351 potevo
1915 1278 2201 1352 pensarlo,
2252 1297 2281 1331 e
2318 1296 2429 1331 non
2470 1297 2532 1332 so
2568 1297 2726 1333 come
2764 1297 2794 1333 a

283 1378 386 1428 cio
418 1381 469 1428 si
504 1374 752 1428 riferisca
779 1377 1031 1447 Eunapio
1057 1392 1086 1428 e
1117 1375 1435 1440 Proeresio,
1475 1373 1558 1427 de'
1588 1373 1733 1445 quali
1770 1377 1843 1426 ivi
1871 1374 2147 1428 Muratori
2177 1391 2285 1425 non
2316 1373 2468 1446 parla
2502 1393 2553 1443 p.
2585 1379 2688 1431 115
2740 1382 2791 1428 2.

285 1474 536 1537 Quanto
589 1467 641 1519 al
685 1466 784 1520 dar
833 1473 888 1520 io
933 1472 1218 1521 iscrizioni
1268 1484 1436 1541 prese
1469 1464 1538 1518 da
1579 1468 1719 1520 Mss.
1759 1484 1873 1519 non
1912 1471 2089 1539 potrei
2131 1463 2303 1534 farlo,
2361 1466 2562 1540 perche
2597 1485 2707 1518 uon
2741 1467 2792 1520 le

287 1564 376 1616 ho
423 1566 543 1615 mai
587 1566 884 1632 ricopiate;
925 1578 1037 1613 non
1070 1560 1124 1613 le
1162 1559 1346 1627 darei,
1384 1559 1585 1632 perche
1625 1577 1740 1611 non
1781 1563 1833 1611 ci
1872 1558 1945 1610 ho
1986 1556 2127 1613 fede.
2608 1562 2615 1569 '

451 1656 611 1708 Dove
645 1653 772 1706 dico
811 1673 866 1726 p.
897 1657 1021 1711 159.
1064 1662 1183 1706 tam
1219 1671 1460 1722 magnus
1494 1670 1754 1705 muneret-r
1789 1651 2029 1703 nondum
2053 1660 2428 1725 appar-ecerat,
2481 1653 2511 1705 ὲ
2558 1670 2789 1726 spropo-

285 1754 445 1815 sito,
490 1767 522 1800 e
563 1736 671 1799 ben
705 1751 753 1799 si
797 1764 1057 1820 corregge
1095 1744 1163 1799 da
1198 1750 1307 1801 voi.

455 1844 584 1895 Non
629 1840 702 1892 ho
741 1855 925 1913 tempo
960 1839 1015 1893 di
1050 1845 1303 1912 ragionar
1336 1854 1365 1890 a
1404 1838 1573 1909 lungo
1612 1855 1721 1891 con
1757 1842 1867 1903 voi,
1913 1854 2072 1890 come
2110 1836 2380 1892 desidero.
2435 1837 2595 1891 Della
2633 1838 2787 1893 dotta

287 1949 495 1988 vostra
535 1949 699 2005 opera
745 1951 905 2007 sopra
947 1935 987 1987 il
1022 1935 1240 1988 Dittico
1273 1933 1333 1986 di
1371 1934 1596 1986 Brescia
1637 1931 1723 2003 gia
1764 1936 1815 1985 vi
1862 1936 2051 1985 scrissi
2094 1931 2149 1984 le
2184 1932 2382 1984 dovute
2428 1932 2562 1985 lodi.
2642 1934 2789 1986 Con-

259 2014 593 2080 servatemi
640 2027 693 2078 la
747 2032 1179 2101 vostra-grazia.
1258 2029 1344 2082 Mi
1384 2026 1634 2079 convien'
1674 2040 1771 2077 ora
1812 2042 2009 2098 pensar
2056 2041 2088 2076 a
2140 2026 2266 2079 tutt’
2305 2026 2447 2079 altro
2489 2028 2591 2081 che
2630 2030 2786 2079 iscri-

288 2125 491 2192 zioni,
533 2136 621 2173 ma
655 2122 898 2176 ricevero
936 2138 1152 2196 sempre
1193 2138 1300 2175 con
1338 2135 1472 2193 gran
1510 2122 1729 2194 piacere
1768 2118 1819 2171 le
1856 2135 2036 2173 vostre
2075 2123 2465 2172 osservazioni.
2511 2174 2521 2182 ,

1912 2213 2126 2265 Vostro-
2152 2212 2259 2265 div.
2300 2211 2454 2266 obbl.
2492 2229 2631 2267 serv.

1838 2303 2166 2379 'Serre
2234 2303 2753 2362 Martum·

1460 2583 1617 2640 VII.

448 2714 533 2770 Ad
572 2713 664 2768 illa
701 2715 804 2769 Col
835 2676 1132 2767 Mur-acori
1160 2720 1478 2767 contr-astat·
1511 2715 1615 2785 giis
1650 2719 1734 2770 sie
1768 2711 2059 2788 respondet
2094 2711 2553 2786 Hagenbucbiust

449 2808 814 2863 praefationis
854 2809 1007 2862 Tuae
1038 2813 1262 2881 paginas
1297 2810 1453 2863 v111.
1500 2810 1594 2862 fin.
1632 2826 1686 2862 et
1719 2810 1905 2862 vnn.
1944 2813 2082 2898 init..
2114 2812 2208 2879 qui
2246 2807 2415 2881 legit,
2483 2807 2549 2861 de
2587 2801 2780 2861 verbo-

282 2921 418 2957 rum
455 2904 962 2957 Muratorianorum
994 2900 1275 2955 laudatore
1308 2901 1756 2974 (Hagenbucbio)
1782 2906 1971 2954 mitius
2004 2901 2115 2968 Te,
2152 2915 2316 2972 quam
2355 2899 2424 2954 de
2466 2902 2776 2955 Muratorio

282 2989 419 3070 ipso
468 2999 734 3062 sensisse,
792 3013 906 3048 non
956 2997 1190 3068 putabit.
1280 2997 1464 3063 Quam
1509 2995 1736 3060 vellem,
1796 2995 1916 3047 Tua
1962 2994 2056 3047 illa
2105 2994 2177 3046 ab
2223 2995 2338 3046 alio
2382 3000 2553 3046 etiam
2601 3014 2775 3066 nuper
2821 2998 2828 3010 ’

282 3091 480 3162 Epist.
518 3089 720 3158 Epigr.
766 3108 826 3159 p.
868 3093 959 3147 8'4·
998 3089 1234 3140 laudata
1280 3107 1346 3141 ex
1389 3086 1729 3162 praefatione
1776 3088 1882 3141 hac
1918 3088 2257 3150 exulassent3
2310 3093 2404 3160 qui
2448 3105 2596 3143 certe
2641 3096 2809 3162 pan-”³

279 3200 392 3237 nus
458 3199 726 3255 purpurae
774 3183 926 3235 Tuae
975 3186 1146 3235 intexi
1197 3200 1312 3235 nou
1368 3180 1620 3236 debebat.
1709 3182 1896 3236 Meam
1943 3185 2093 3235 enim
2132 3182 2428 3236 Muratorii
2483 3182 2773 3236 verborum

279 3275 670 3329 laudationem
709 3280 767 3329 in
797 3276 1196 3340 alienissimum
1235 3276 1314 3329 Te
1357 3292 1580 3330 sensum
1623 3271 1901 3348 rapuisse,
1958 3279 2086 3347 quia
2124 3292 2190 3328 ex
2219 3275 2595 3348 superioribus
2634 3281 2773 3329 meis

278 3369 470 3422 literis
513 3374 652 3422 meis
679 3367 1295 3436 ,nondumwervidistn
1348 3370 1781 3443 planius-etiam
1808 3352 2038 3422 docebo.
2130 3369 2323 3434 Vedo,
2388 3373 2603 3439 inquis,
2667 3387 2772 3421 ora

277 3461 384 3514 che
426 3466 525 3513 vot
574 3491 635 3502 —
676 3462 848 3530 par-la
886 3481 940 3534 p.
977 3466 1118 3529 135,
1155 3468 1209 3517 2.
1284 3464 1599 3529 Potuisses,
1660 3466 1831 3515 immo
1871 3460 2151 3516 debuisses
2189 3469 2306 3514 rem
2355 3461 2498 3515 hanc
2546 3479 2767 3516 omnem

281 3570 407 3608 tam
454 3558 639 3607 animo
685 3570 942 3623 cernere,
998 3571 1164 3627 quam
1215 3572 1352 3628 quae
1402 3557 1575 3610 offulis
1617 3572 1936 3610 cernuntur.
2011 3555 2095 3608 De
2128 3570 2360 3626 quanam
2406 3559 2769 3629 inscriptione

278 3649 635 3701 Muratorius
673 3667 727 3720 p.
769 3653 906 3714 115,
944 3656 997 3705 2.
1029 3650 1312 3719 loquitur?
1391 3650 1478 3703 An
1530 3649 1597 3703 de
1645 3647 1879 3703 videnda
1929 3647 2110 3702 adhuc
2157 3649 2216 3701 in
2261 3647 2477 3720 tripode
2516 3651 2770 3703 vetusto?

283 3743 373 3794 An
417 3738 483 3818 de
522 3737 841 3794 conservata
884 3746 943 3794 in
983 3741 1201 3795 schedis
1238 3743 1675 3798 recentioribus?
1745 3743 2017 3798 Neutrum
2044 3740 2224 3795 dices:
2263 3739 2359 3796 sed
2383 3739 2449 3795 de
2471 3757 2563 3808 ea,
2603 3758 2768 3814 quam

280 3832 601 3887 Herodotus
649 3836 710 3887 L.
753 3837 806 3891 5.
858 3835 921 3887 C.
961 3837 1051 3891 59.
1094 3840 1393 3889 memoriae
1436 3829 1672 3909 posteris
1721 3835 1987 3909 prodidit.
2062 3836 2181 3888 Hac
2232 3837 2530 3888 occasione
2562 3841 2766 3889 merito

278 3942 419 3982 usus
468 3930 810 4000 Muraktorius
856 3927 1148 3981 consilium
1202 3946 1394 3995 suum,
1455 3933 1878 4003 inscriptiones,
1935 3944 2067 4002 quas
2110 3933 2169 3981 in
2206 3927 2363 3981 libris
2405 3933 2518 3981 suis
2557 3944 2765 3983 veteres

276 4017 449 4072 nobis
488 4036 795 4074 servassent
844 4021 1125 4074 Thesauro
1165 4039 1264 4075 suo
1304 4020 1612 4089 inserendi,
1670 4023 1757 4076 his
1797 4021 1976 4076 verbis
2017 4027 2269 4096 exponit:
2336 4022 2766 4077 Vetuste'sst'mas

276 4117 528 4164 omnium
558 4123 700 4184 puto
734 4116 1137 4186 Inscriptiones
1174 4125 1235 4167 in
1265 4120 1451 4167 sacris
1473 4117 1738 4167 *donariis
1773 4120 2027 4187 positas,
2087 4114 2292 4186 hasque
2328 4119 2565 4166 nummis
2601 4121 2764 4167 anti-

274 4186 841 4276 quitate'praestare.
917 4209 1167 4261 Istae-um
1222 4215 1494 4282 specimen
1542 4228 1617 4260 ex
1664 4214 1909 4281 antiquis
1958 4209 2328 4280 scriptoribus
2383 4208 2486 4260 huc
2543 4208 2764 4280 inferre

272 4297 523 4352 decrevi.
561 4345 562 4348 ,
596 4302 828 4354 Nullum
869 4308 1016 4354 enim
1050 4302 1349 4355 discrimen
1390 4312 1582 4356 statuo
1618 4309 1771 4356 inter
1800 4308 2215 4375 epigrammata
2246 4301 2426 4353 adhue
2460 4308 2520 4353 r'n
2550 4304 2763 4374 lapide·-

272 4391 381 4442 bus
416 4400 656 4445 vetustis
695 4401 1061 4462 exsistentia,
1124 4406 1182 4448 et
1227 4416 1365 4468 quae
1401 4403 1462 4448 t‘n
1506 4381 1624 4448 suis
1660 4397 1822 4448 lt'brt‘s
1861 4405 2113 4462 veteres,
2178 4404 2280 4447 aus
2313 4401 2376 4448 t‘n
2408 4395 2623 4448 schedis
2662 4389 2789 4448 re-'

271 4490 552 4538 centiores
609 4487 769 4539 nobis
820 4506 1141 4544 servavere.
1235 4491 1319 4544 De
1369 4491 1479 4543 hoc
1526 4491 1766 4545 consilio
1807 4507 1907 4542 suo
1939 4493 2283 4544 Muratoriua
2330 4507 2442 4542 nou
2493 4488 2658 4543 modo
2705 4495 2762 4542 in

271 4575 847 4651 praefationesiluit,
903 4581 1000 4635 sed
1043 4601 1140 4656 per
1184 4599 1361 4637 totum
1414 4584 1757 4637 Thesaurum
1795 4600 1956 4637 suum
2003 4599 2230 4654 usquam
2271 4582 2403 4636 alibi
2444 4601 2567 4636 eum
2607 4582 2764 4655 quid-

271 4671 462 4744 quam'
493 4691 609 4727 non
651 4680 879 4728 memini
917 4686 1159 4730 monere.
1248 4677 1501 4750 Scriptor
1539 4677 1914 4751 Epistularum
1964 4677 2441 4750 epigrapbicarum
2482 4677 2589 4729 hoc
2634 4679 2764 4731 Mu-

267 4771 471 4821 ratorii
511 4767 808 4822 consilium
849 4789 903 4843 p.
948 4773 1040 4832 82.
1072 4768 1421 4838 laudaturus,
1462 4768 1530 4823 de
1563 4786 1798 4843 quanam
1836 4775 1949 4844 agit
1990 4773 2391 4843 inscriptione?
2469 4771 2661 4840 Neque
2694 4768 2761 4820 de

2988 961 3018 978 Q
