3502 5487
1564 1470 1615 1528 1.

947 1588 1131 1652 Viro
1198 1589 1745 1679 illustrissimo
1797 1539 2233 1650 Mat-chiotii

754 1716 1551 1781 SCIPIONI
1667 1713 2427 1780 MAFFEIO

1037 1834 1077 1878 t.
1129 1834 1450 1879 GASPAR.
1503 1831 2145 1905 ῌΑοεκιηόιιινε.

1418 1941 1485 2000 S.
1544 1943 1613 1999 P.
1668 1942 1745 2000 D.

336 2168 587 2285 Verbis
633 2229 881 2297 blandis,
939 2229 1184 2303 quibus,
1241 2235 1334 2302 qui
1386 2229 1453 2284 ad
1493 2234 1636 2283 viros
1683 2234 1966 2305 principes
2003 2229 2194 2284 literas
2234 2244 2455 2283 exarare
2498 2231 2827 2299 instituunt,

335 2331 424 2380 uti
472 2326 685 2391 solent,
743 2325 962 2377 auribus
1005 2330 1144 2390 tuis,
1200 2325 1457 2378 Marchio
1515 2327 1917 2389 illustrissime,
1975 2322 2226 2381 insidiari
2269 2322 2421 2377 nolo.
2515 2323 2697 2376 Tanta
2742 2338 2827 2376 est

337 2419 486 2492 apud
539 2418 712 2470 bonos
776 2437 965 2470 omnes
1027 2423 1288 2471 sit-tutum
1345 2434 1558 2471 tuarum
1624 2434 1677 2471 ct
1737 2418 2067 2471 eruditionis
2135 2433 2260 2471 tuae
2322 2421 2827 2488 praestantissimae

337 2513 460 2565 laus
502 2529 555 2564 et
597 2510 1037 2577 commendatio,
1079 2527 1228 2565 tanta
1276 2515 1517 2564 nominis
1557 2516 1638 2564 tui
1685 2525 1806 2564 toto
1845 2510 1977 2563 orbe
2008 2510 2346 2564 celeberrimi
2376 2509 2520 2581 apud
2553 2527 2643 2562 me
2682 2514 2827 2562 cari-

339 2622 424 2658 tas
459 2621 517 2658 et
568 2584 935 2671 reverentias
964 2621 1021 2656 ut
1060 2621 1249 2677 erepto
1288 2604 1453 2660 nobie
1484 2604 1649 2657 eheu!
1725 2605 2058 2670 Bouhier-io,
2117 2602 2325 2676 virgula
2366 2602 2599 2673 quadam
2639 2600 2825 2655 divina

336 2699 487 2752 hanc
528 2678 697 2751 laeter
728 2696 1130 2772 suppeditatam
1172 2715 1292 2751 esse
1329 2702 1717 2765 occasionem,
1775 2713 1881 2770 qua
1922 2712 2077 2764 tuae,
2125 2700 2327 2751 summi
2372 2700 2506 2764 viti,
2544 2700 2824 2750 amicitiae

337 2790 488 2845 fores
529 2792 663 2844 mihi
712 2781 898 2864 patere
944 2796 1219 2876 incipiunt
1261 2811 1629 2870 tamquarm.

491 2873 781 2956 Epistulas
819 2884 1231 2955 Epigrapldcas
1270 2882 1338 2936 ad
1379 2900 1462 2950 te,
1520 2887 1866 2957 antiquitatis
1906 2880 2152 2937 eruditae
2187 2899 2453 2937 statorem
2504 2899 2666 2956 atque
2705 2888 2824 2937 vin-

333 2977 519 3032 dicem
560 2983 867 3051 egregium,
912 2983 1130 3030 mitta-re
1175 2977 1348 3030 audeo
1389 2974 1597 3030 duabus
1640 2975 2089 3051 potissimumde
2130 2981 2368 3030 caussis:
2408 2994 2461 3030 et
2498 2975 2643 3049 quod
2686 2976 2824 3029 libe-

332 3072 557 3126 talitate
598 3087 721 3137 tua,
781 3087 944 3144 quam
987 3076 1181 3146 pagina
1219 3075 1349 3129 605.
1383 3075 1584 3123 merito
1625 3069 1962 3136 collaudavi,
2016 3087 2137 3123 sum
2184 3085 2547 3144 provocatus:
2587 3087 2642 3124 et
2675 3071 2822 3143 quod

334 3171 635 3221 maximam
685 3182 896 3239 partem
935 3163 1001 3217 ad
1047 3180 1307 3236 magnum
1346 3162 1621 3236 quondam
1663 3168 1901 3217 amicum
1941 3178 2131 3230 tuum,
2190 3161 2285 3217 sed
2324 3179 2381 3217 et
2427 3180 2647 3231 meum,
2711 3162 2822 3222 τὸν

332 3258 693 3338 μακαρίτην
733 3259 1098 3314 Boultieriutn
1134 3275 1260 3311 sunt
1295 3262 1551 3330 scriptae.
1629 3254 1794 3326 Quod
1832 3261 1880 3310 si
1921 3272 2135 3310 tautum
2179 3256 2281 3311 tibi
2327 3256 2397 3309 ab
2435 3263 2823 3332 occupationi-

332 3351 438 3403 bus
480 3352 817 3422 gravioribus
857 3350 1159 3422 studiisque
1198 3351 1561 3404 severioribus
1603 3356 1706 3404 otii
1745 3355 1851 3418 sit,
1925 3367 1985 3404 ut
2032 3365 2219 3405 nostra
2266 3351 2403 3404 haec
2450 3353 2821 3408 mansuetiora

333 3443 645 3516 levioraque
689 3444 867 3516 legere
909 3463 1020 3498 non
1063 3443 1346 3509 fastidias,
1420 3443 1822 3498 eruditissimas
1871 3443 2315 3509 observationes,
2391 3429 2589 3516 quibus
2637 3449 2819 3499 minus

333 3535 475 3590 bene
518 3541 758 3609 cogitata
797 3553 850 3590 et
885 3538 1061 3590 literis
1089 3542 1414 3609 consignata
1452 3536 1767 3593 emendabis
1807 3554 1859 3592 et
1899 3537 2235 3608 castigabis,
2276 3537 2413 3590 mihi
2442 3558 2537 3612 per
2568 3555 2823 3592 eommu-

333 3635 426 3682 nia
448 3630 730 3682 Musarum
761 3645 913 3682 sacra
950 3646 1035 3695 te,
1073 3634 1118 3683 si
1156 3635 1389 3703 patetis,
1428 3629 1727 3683 obtestanti
1777 3630 1891 3683 noli
1936 3628 2205 3693 invidere;
2245 3635 2401 3686 cuius
2430 3637 2543 3685 voti
2583 3636 2629 3684 si
2664 3629 2820 3685 fuero

335 3705 657 3789 damnatus,
697 3722 917 3773 sublimi
953 3722 1140 3773 sidera
1172 3729 1384 3774 ver-eiu
1406 3721 1604 3794 fet-Ire
1647 3726 1783 3777 mihi
1824 3724 2067 3781 videbor.

486 3815 747 3889 In‘primis
792 3813 859 3867 de
892 3831 1023 3867 saxo
1063 3799 1394 3882 Veronensi,
1445 3813 1512 3869 ad
1545 3819 1692 3889 quod
1730 3833 1853 3893 pag.
1880 3822 2009 3877 521.
2052 3822 2176 3872 init.
2214 3813 2481 3890 quaeda'm
2520 3835 2639 3873 sum
2664 3823 2833 3873 com-⁴

335 3924 648 3976 mentatus,
689 3906 910 3962 edoceri
958 3907 1309 3961 vehementer
1353 3914 1542 3982 cupio.

481 4004 687 4075 Pagina
739 4003 862 4059 112.
908 3999 1216 4053 elucubrati
1265 4000 1332 4051 de
1378 4002 1555 4070 SIgle‘s
1592 4002 1932 4057 Graecorum
1979 4002 2230 4079 opusculi
2281 4002 2557 4058 Graecum
2591 4003 2820 4060 Gruteri

329 4112 518 4149 saxum
560 4099 855 4148 metricum
890 4096 1032 4161 672,
1075 4099 1161 4154 13.
1211 4096 1286 4147 ita
1329 4099 1607 4167 restituis,
1681 4112 1741 4149 ut
1793 4095 1858 4148 de
1907 4112 1999 4150 tuo
2047 4113 2316 4151 consensu
2371 4098 2507 4150 milii
2548 4098 2818 4171 gratuler:

331 4208 509 4260 neque
547 4193 693 4242 enim
740 4185 808 4240 ab
857 4192 1092 4240 invicem
1136 4186 1379 4253 abimus,
1453 4193 1559 4241 nisi
1604 4194 1661 4241 in
1711 4188 1937 4242 ultimae
1976 4194 2127 4243 vocis
2167 4192 2355 4247 modo.
2434 4192 2544 4248 Pro
2574 4200 2818 4251 blas-1

328 4301 425 4337 seu
472 4291 797 4346 ΙΗΗΩΣ-ι,
862 4279 1008 4353 quod
1053 4296 1107 4333 et
1149 4281 1236 4340 ei.
1279 4282 1664 4350 Wesselingt'o
1711 4265 1770 4337 ib
1819 4299 2057 4336 mentem
2110 4287 2319 4336 venisse
2370 4302 2434 4336 ex
2493 4283 2818 4342 doctissimo

327 4375 549 4429 Lee‘che’o
595 4373 759 4434 attuli
808 4392 864 4446 p.
915 4377 1078 4438 279„
1135 4378 1490 4448 participium
1533 4383 1840 4435 131ΩΣ.-1Σ
1874 4374 1975 4429 tibi
2017 4375 2233 4449 placet:
2312 4394 2475 4448 quem
2512 4375 2816 4432 dissensum

323 4487 508 4525 nonne
549 4466 883 4522 discordiam
922 4465 1255 4521 concordem
1296 4472 1511 4541 potius,
1562 4485 1722 4540 quam
1757 4469 2111 4521 concordiam
2147 4467 2454 4521 discordem
2493 4468 2683 4524 licebit
2723 4488 2819 4545 ap-

327 4563 567 4638 pellare?
642 4564 808 4630 Fuere
849 4560 1054 4615 Graeci
1105 4577 1266 4631 quam
1299 4566 1394 4635 qui
1432 4566 1665 4616 maxime
1702 4562 2136 4642 ‹yskofet'rogoq
2200 4560 2296 4615 sed
2340 4581 2394 4617 et
2433 4559 2658 4618 verbum
2697 4565 2819 4618 lint-

325 4673 442 4712 tum
466 4696 483 4722 ,
537 4674 603 4708 ne
644 4655 853 4707 nullum
890 4659 946 4706 in
989 4670 1118 4706 saxo
1156 4653 1368 4725 legatur
1407 4669 1557 4716 toto,
1597 4651 1887 4706 commode
1921 4669 2101 4728 potest
2140 4670 2305 4711 stare.

479 4746 692 4802 Ibidem
745 4762 868 4820 post
928 4747 1369 4819 explanationem
1416 4746 1817 4800 obscuritatum
1849 4747 2111 4819 siglorum
2154 4750 2495 4803 Graecorum
2533 4750 2816 4805 limatissi·

319 4859 465 4897 mam
507 4862 560 4915 p.
610 4846 733 4899 115.
778 4839 847 4892 ad
885 4844 1151 4894 carminis
1178 4839 1352 4914 legem
1390 4855 1554 4912 atque
1591 4839 1822 4893 ductum
1858 4838 2068 4894 formae
2103 4846 2368 4916 pristinae
2404 4843 2665 4897 studuisti
2694 4844 2816 4898 rud-
