3502 5487
2760 487 2845 553 43

471 626 783 675 moomvs
818 622 1112 689 (Pyrrhus).
1152 629 1399 676 vindicias
1431 628 1639 675 bominis
1669 629 1809 676 buius
1840 629 1889 675 in
1919 629 2183 687 perniciem
2212 630 2285 676 rei
2316 632 2651 694 epigraphicae
2674 634 2846 679 totius·

325 733 429 779 que
453 720 750 778 antiquitatis
781 719 878 764 nati
908 719 1087 775 passim
1114 720 1334 775 reperies
1367 719 1489 775 apud
1518 717 1862 764 Muratorium
1906 717 2121 766 Praeflt.
2163 724 2263 765 tum
2299 734 2348 777 p.
2380 718 2480 766 382
2496 754 2511 778 ,
2541 719 2590 767 3.
2635 719 2732 769 519
2753 754 2767 777 ,
2791 719 2843 767 2.

328 805 457 865 786,
492 807 540 853 1.
580 805 701 864 888,
730 804 780 852 3.
824 804 942 854 923.
970 807 1019 853 b.
1063 804 1217 863 1030,
1247 804 1298 853 8.
1339 813 1458 866 cet.;
1498 821 1651 866 neque
1688 821 1948 867 negamus,
1987 808 2179 853 sincera
2214 810 2454 855 interdum
2491 786 2636 856 ab‘eo
2660 812 2849 867 prolata

324 911 441 945 esse
456 929 470 952 ,
510 897 707 955 aliaque'
738 897 908 942 leviter
942 898 1268 942 tantummodo
1291 896 1578 953 interpolata
1594 928 1608 951 ,
1648 909 1707 941 eo
1731 898 2020 953 praesertim
2043 895 2137 943 fine
2168 929 2181 953 ,
2221 904 2274 943 ut
2295 913 2408 943 rara
2432 900 2590 958 aliqua
2613 901 2686 945 vel
2713 900 2846 945 inau-

325 988 433 1031 dita
453 987 575 1031 alias
599 987 674 1031 vel
700 999 817 1031 voce
833 1017 847 1040 ,
886 986 961 1031 vel
992 987 1110 1030 artis
1130 987 1204 1031 vel
1223 986 1467 1046 diguitatis
1486 986 1726 1030 mentione
1746 986 2220 1055 interiecupretium
2240 993 2440 1048 augeret
2458 989 2844 1045 inscriptionum.

324 1077 514 1122 Verum
538 1075 842 1131 interpolatis
868 1074 997 1121 bisce
1023 1076 1178 1136 magis
1204 1076 1347 1120 etiam
1373 1082 1512 1133 quam
1539 1088 1597 1120 ex
1623 1078 1725 1118 toto
1750 1072 1875 1118 fictis
1904 1080 2154 1131 tantopere
2179 1077 2409 1132 imposuit
2430 1078 2549 1122 viris
2575 1078 2727 1122 doctis
2743 1110 2756 1132 ‚
2799 1082 2851 1122 ut

323 1166 493 1210 varios
529 1178 618 1220 per
653 1165 785 1209 rivos
824 1163 948 1209 baud
982 1178 1132 1221 pauca
1162 1165 1264 1209 eius
1291 1168 1560 1209 commenta
1583 1164 1823 1208 manarint
1846 1165 1895 1208 in
1920 1165 2137 1223 vulgaria
2164 1167 2497 1223 antiquitatum
2521 1168 2850 1211 Romanarum

324 1254 614 1310 compendia
650 1258 699 1298 et
732 1254 902 1299 lexica.
978 1252 1085 1298 Non
1122 1254 1253 1298 enin}
1286 1252 1479 1297 carebat
1514 1253 1802 1297 vaferrimus
1840 1253 1931 1297 iste
1968 1253 2113 1297 homo
2150 1259 2254 1299 arte
2281 1255 2483 1312 quadam
2508 1253 2708 1299 mirifica
2725 1242 2849 1298 'vera

320 1343 465 1388 falsis
500 1343 733 1388 miscendi
773 1348 821 1387 et
842 1340 1081 1399 probabili
1107 1355 1248 1398 saepe
1284 1341 1443 1398 specie
1478 1347 1693 1386 monstra
1729 1355 1818 1386 sua
1857 1316 2148 1397 exornandi,
2187 1343 2254 1386 ita
2291 1348 2342 1387 ut
2376 1343 2574 1388 subacto
2610 1344 2852 1389 interdum

324 1432 508 1477 iudicio
536 1445 656 1489 opus
681 1431 745 1475 sit
770 1432 843 1486 ei,
885 1431 965 1490 qui
1003 1431 1156 1487 decipi
1194 1432 1333 1479 nolit.
1408 1428 1510 1475 Nos
1534 1431 1698 1490 igitur,
1737 1444 1833 1490 quo
1859 1432 2074 1492 integros
2099 1446 2128 1475 a
2153 1433 2376 1491 contagio
2400 1446 2488 1477 uos
2514 1445 2841 1488 servaremus,

323 1534 416 1578 per
442 1524 595 1565 totum
622 1525 841 1565 nostrum
867 1520 1047 1565 librum
1069 1533 1097 1563 a
1132 1518 1529 1593 LlcoguANIS,
1556 1508 1722 1577 ¹qnam
1757 1520 1961 1565 maxime
2004 1518 2109 1565 fieri
2144 1525 2364 1576 poterat,
2411 1520 2756 1576 abstinuimus,
2803 1526 2854 1566 et

326 1609 484 1655 sicubi
513 1609 750 1669 tangenda
775 1614 940 1666 erant,
981 1608 1238 1653 infaustum
1265 1606 1511 1655 mooun
1538 1608 1711 1653 udlneu
1738 1622 1834 1653 non
1859 1609 2114 1665 tacuimus,
2158 1623 2215 1655 eo
2241 1610 2500 1667 praecipue
2525 1611 2760 1665 consilio,
2801 1614 2854 1654 ut

327 1711 616 1743 acueremus
653 1698 813 1743 minus
851 1698 1121 1752 peritorum
1157 1697 1367 1756 ingenia.

471 1784 737 1831 Reinesius
760 1787 969 1843 quidem,
998 1786 1077 1844 qui
1103 1790 1174 1830 tot
1198 1785 1342 1830 babet
1365 1783 1714 1831 LIGORIANA
1728 1816 1744 1842 ‚
1784 1785 1887 1841 ipse
1912 1790 2072 1832 tamen
2099 1787 2354 1845 aliquando
2377 1786 2596 1833 fraudem
2623 1788 2853 1833 odoratus

329 1879 429 1921 est.
467 1888 518 1919 v.
547 1888 592 1918 c.
634 1874 791 1919 Class.
820 1874 909 1919 Vl.
953 1871 1073 1920 122.
1116 1871 1361 1920 Nor-isias
1386 1874 1434 1918 in
1460 1870 1693 1933 Epistola
1716 1874 1980 1935 consulari
2015 1874 2077 1919 Τ.
2101 1874 2197 1919 XI.
2241 1873 2394 1920 Thes.
2424 1873 2609 1920 Graec.
2652 1888 2699 1932 p.
2731 1872 2853 1920 ⁴48.

330 1965 394 2009 de
423 1962 568 2008 Grut.
591 1960 711 2017 261,
734 1959 785 2008 4.
814 1976 982 2023 agens,
1010 1963 1190 2008 acriter
1215 1962 1524 2019 reprehendit
1546 1960 1795 2007 Llconn
1819 1958 2204 2020 perversitatem,
2234 1978 2325 2022 qua
2352 1979 2377 2009 e
2402 1964 2564 2009 Fastis
2591 1964 2856 2009 Consulum

329 2053 531 2097 nomina
565 2050 870 2106 exscribere,
912 2056 1052 2109 atque
1090 2051 1481 2107 inscriptionibus
1519 2056 1700 2096 temere
1740 2056 1953 2097 attexere
1991 2052 2196 2097 solebat.
2274 2053 2398 2111 Quin
2424 2055 2568 2099 etiam
2589 2050 2857 2098 Fabi-ettae

332 2141 652 2186 acerbissimo
692 2145 978 2195 prosecutus
1020 2145 1097 2185 est
1136 2142 1249 2185 odio
1287 2141 1489 2187 eundem
1523 2141 1663 2197 illum,
1692 2140 2050 2197 maenum,
2102 2155 2132 2187 a
2168 2154 2263 2199 quo
2301 2142 2573 2187 sexcenties
2612 2142 2764 2198 decipi
2803 2155 2856 2187 se

333 2230 574 2287 patienter
610 2228 827 2285 ferebat,
877 2226 1031 2273 sicubi
1069 2230 1174 2277 eius
1210 2234 1435 2286 portenta
1474 2231 1810 2276 delitescerent
1843 2231 1891 2275 in
1927 2229 2116 2275 schedis
2156 2227 2422 2275 Vaticanis
2458 2235 2507 2275 et
2532 2227 2855 2276 Bar-berinia-

334 2318 442 2364 (Σίν.
470 2315 707 2364 Febrem·
733 2331 781 2374 p.
811 2314 896 2363 45.
926 2314 1046 2364 294.
1077 2313 1196 2364 365.
1225 2324 1318 2365 cet.
1369 2319 1491 2377 Quid
1508 2315 1533 2364 ’.θ
1568 2321 1691 2378 quod
1719 2319 1892 2364 Saxius
1918 2320 2189 2374 complures
2215 2317 2502 2378 Ligurianas
2528 2333 2558 2363 a
2582 2318 2860 2363 Muratorio

335 2412 557 2463 receptas
579 2407 761 2451 frustra
787 2400 1043 2452 defendere
1068 2411 1266 2452 conatus
1291 2413 1368 2452 est
1390 2408 1437 2452 iu
1461 2406 1592 2452 Actis
1618 2407 1872 2452 Societatis
1899 2407 2221 2462 Traiectinae,
2255 2408 2388 2451 velut
2404 2404 2559 2452 Min.
2585 2402 2635 2452 2.
2664 2419 2713 2463 p.
2734 2402 2834 2452 247
2840 2437 2857 2451 .

337 2496 468 2540 Mur.
500 2491 597 2550 83,
641 2493 688 2540 1.
737 2500 830 2540 cet.
906 2495 1240 2542 Consulenhs
1276 2497 1420 2540 etiam
1456 2499 1651 2552 praeter
1687 2493 2108 2549 Tiraboschiam,
2153 2492 2416 2539 Mar-iuius
2452 2495 2502 2539 in
2537 2493 2679 2540 Actis
2714 2493 2857 2540 Frat-

334 2583 510 2630 Anat.
553 2596 602 2640 p.
636 2580 753 2628 114.
782 2588 830 2629 et
853 2597 940 2640 per
966 2588 1117 2629 totum
1142 2597 1263 2640 opus
1287 2585 1589 2640 saepissime.
1637 2585 1898 2633 Sedmemo
1921 2582 2025 2630 fere
2051 2583 2235 2628 doctius
2261 2585 2625 2640 accuratiusque
2650 2580 2861 2628 bominis

336 2673 513 2729 impuri
557 2671 737 2732 flagitia
781 2673 1064 2733 exagitavit,
1116 2685 1260 2730 quam
1301 2674 1381 2733 qui
1416 2672 1477 2717 ab
1513 2674 1683 2719 eodem
1717 2678 1858 2718 antea
1896 2669 2188 2717 ludificatum
2222 2686 2275 2717 se
2311 2671 2464 2716 fuisse
2500 2669 2858 2730 indignabatur,

335 2760 600 2808 Hannibal
639 2759 699 2807 de
736 2760 1006 2806 Abbatibus
1046 2760 1331 2818 oliverius,
1385 2763 1518 2808 cuius
1562 2762 1843 2819 opusculum
1879 2761 2001 2806 haud
2040 2761 2191 2806 cuivis
2227 2760 2445 2817 parabile
2484 2759 2862 2817 (CALOGERA

334 2848 512 2898 Naeva
548 2847 785 2894 Raccolta
821 2850 882 2895 Τ.
916 2847 999 2897 19.
1044 2864 1093 2907 p.
1124 2841 1269 2908 4712)
1314 2851 1635 2897 recudendum
1670 2851 1749 2896 bic
1786 2851 2077 2896 curavimus.
2177 2850 2431 2895 Pei-fectae
2466 2835 2600 2894 enim
2636 2853 2684 2895 et
2717 2859 2861 2907 quam

336 2940 549 2983 maxime
587 2939 962 2994 circumspectae
1000 2941 1196 2986 criticae
1236 2941 1496 2996 lapidariae
1535 2941 1805 2996 exemplum
1838 2938 2040 2995 praebet
2071 2939 2291 2994 illustre,
2345 2939 2471 2997 quod
2512 2938 2733 2997 equidem
2770 2951 2862 2997 ego

336 3024 637 3090 maffeiano}
655 3027 841 3072 iudiciis
862 3041 1004 3083 saepe
1022 3042 1193 3084 parum
1211 3030 1528 3074 consideratis
1547 3034 1596 3074 et
1614 3029 1796 3084 cupidis
1816 3029 1988 3087 magis,
2010 3041 2153 3086 quam
2178 3028 2367 3082 solidis,
2397 3029 2540 3087 longe
2566 3027 2859 3083 praeferam.

479 3114 658 3160 Esame
684 3116 807 3160 della
831 3116 1086 3162 iscrizioue
1102 3119 1159 3162 m
1182 3117 1241 3161 1..
1270 3119 1463 3162 Antidio
1487 3118 1671 3162 Feroce
1698 3115 1744 3162 di
1781 3115 2104 3161 ANMBALE
2130 3115 2328 3160 DEGLI
2351 3115 2543 3161 ABATI
2569 3113 2862 3161 olenzm

340 3204 459 3250 letto
484 3181 866 3249 nell'adunanza
893 3205 1015 3249 della
1042 3202 1236 3250 Societa
1258 3206 1504 3251 letteraria
1528 3206 1802 3251 Ravennate
1839 3204 1873 3249 li
1913 3199 1977 3249 15
2000 3203 2243 3264 Febbrajo
2285 3198 2437 3249 1764.

483 3293 674 3352 Quanto
698 3294 878 3352 grande
904 3292 953 3336 fu
977 3293 1183 3348 l’onore,
1213 3294 1298 3339 che
1324 3296 1391 3340 mi
1415 3307 1565 3339 venne
1593 3295 1651 3337 da
1676 3293 1793 3348 Voi,
1831 3292 2109 3349 dottissimi,
2138 3307 2165 3337 e
2192 3292 2498 3360 gentilissimi
2525 3291 2655 3352 soci,
2682 3279 2861 3348 impar·

343 3383 435 3428 n‘to
470 3382 600 3427 collo
638 3382 918 3426 ascrivermi
955 3377 1037 3426 all'
1070 3382 1234 3427 inclita
1270 3380 1462 3428 Societa
1497 3388 1692 3435 vostra,
1729 3393 1940 3441 gravoso
1975 3375 2253 3426 altrettanto
2287 3381 2354 3426 mi
2392 3376 2586 3426 sembro
2611 3382 2646 3426 il
2672 3394 2789 3437 peso
2816 3380 2864 3426 di

344 3472 496 3515 dover
531 3471 580 3514 io
616 3470 896 3515 trattenervi
934 3483 1026 3515 uua
1066 3481 1177 3516 sera
1213 3471 1262 3515 in
1288 3472 1559 3516 discorrere
1586 3471 1882 3516 unicameute
1907 3469 1951 3515 di
1978 3483 2092 3515 cosa
2117 3470 2201 3515 cbe
2226 3471 2495 3515 illustrasse
2522 3471 2570 3515 la
2593 3470 2746 3515 storia
2770 3468 2864 3514 Ra-

343 3563 565 3605 vennate.
604 3559 835 3603 L'amore
856 3572 882 3603 e
909 3560 954 3603 la
979 3559 1138 3613 stima,
1169 3560 1254 3606 che
1280 3560 1342 3604 ho
1368 3573 1454 3616 per
1477 3560 1591 3614 Voi,
1620 3561 1655 3604 il
1680 3572 1869 3603 sommo
1893 3562 2038 3603 conto
2063 3558 2148 3603 cbe
2174 3558 2224 3601 fo
2251 3559 2297 3603 di
2326 3563 2444 3604 tutte
2471 3559 2515 3603 le
2541 3572 2652 3604 cose
2676 3563 2862 3612 vostre,

346 3661 561 3706 possano
585 3646 678 3691 beu
705 3648 948 3692 rendermi
974 3661 1002 3691 a
1025 3648 1120 3691 Voi
1144 3649 1352 3708 gradito,
1382 3661 1518 3693 come
1544 3662 1629 3704 per
1652 3643 1899 3707 benignita
1922 3652 2087 3692 vostra
2111 3660 2321 3691 couosco
2347 3647 2394 3692 di
2420 3648 2625 3700 esserlo,
2666 3660 2744 3690 ma
2769 3659 2864 3690 non

347 3736 412 3780 mi
438 3737 592 3780 dunno
618 3737 699 3791 poi
723 3735 861 3779 forza
885 3736 1055 3795 uguale
1093 3737 1137 3780 al
1173 3736 1273 3781 mio
1315 3736 1554 3781 desiderio
1573 3768 1586 3793 ,
1633 3732 1690 3780 ne
1717 3738 1783 3780 mi
1807 3748 2031 3795 pongono
2056 3736 2106 3780 ln
2132 3736 2277 3781 istato
2302 3735 2349 3779 di
2376 3734 2747 3789 corrispondere
2773 3747 2866 3780 cou

348 3825 505 3883 quella
526 3821 729 3884 dignita,
757 3824 843 3869 cbe
870 3823 1217 3881 converrebbe,
1245 3825 1339 3869 alle
1364 3829 1530 3869 vostre
1556 3823 1820 3870 bellissime
1845 3824 1970 3872 idee.
2021 3823 2075 3868 In
2103 3837 2287 3868 somma
2311 3837 2400 3881 per
2425 3827 2599 3881 quanto
2624 3822 2865 3867 luminoso

345 3913 418 3958 sia
435 3918 558 3958 tutto
577 3908 674 3968 cio,
704 3911 788 3959 cbe
809 3927 837 3957 a
861 3903 1087 3958 Ravenna
1112 3913 1408 3970 apparfieue,
1435 3926 1523 3969 per
1546 3917 1723 3971 quanto
1748 3913 1939 3957 l’antica
1964 3913 2116 3956 storia
2141 3913 2186 3957 di
2213 3912 2275 3957 lei
2301 3912 2546 3966 iuteressi,
2586 3924 2680 3955 non
2707 3923 2795 3966 pur
2820 3912 2866 3956 le

344 4003 498 4047 vicine
525 4001 775 4058 provincie
801 4015 828 4046 e
856 4002 1026 4047 l’ltalia
1051 4003 1223 4057 intera,
1251 4016 1330 4046 ma
1353 4006 1476 4046 tutto
1501 4002 1537 4045 il
1560 4001 1779 4047 Romano
1804 4001 2093 4058 Impero,·io
2117 4001 2411 4046 nondimeno
2435 4012 2643 4044 conosco
2662 4000 2710 4043 di
2732 4012 2868 4044 esser

344 4103 536 4147 sempre
562 4090 846 4145 forastiero,
877 4104 902 4135 e
927 4090 1067 4146 privo
1091 4091 1139 4135 in
1166 4103 1494 4150 conseguenza
1520 4089 1565 4134 di
1593 4090 1748 4148 quelle
1773 4086 1857 4145 piu
1882 4091 2070 4144 precise
2097 4088 2389 4147 cognizioni,
2413 4088 2499 4133 cbe
2524 4090 2797 4133 necessarie
2823 4088 2866 4132 si

342 4181 565 4225 rendono
600 4192 690 4235 per
728 4178 1023 4223 contribuit-e
1059 4178 1104 4224 al
1143 4180 1287 4234 piano
1325 4180 1447 4223 delle
1484 4177 1690 4224 lodevoli
1724 4182 1889 4222 vostre
1926 4177 2254 4232 occupazioni.
2332 4176 2515 4234 Questo
2553 4172 2578 4221 ὲ
2604 4177 2637 4222 il
2663 4177 2866 4232 motivo,

344 4280 432 4323 per
456 4269 533 4312 cui
560 4267 623 4311 bo
649 4281 839 4322 sempre
864 4267 1074 4312 differ-ito
1100 4266 1370 4313 1⁹nhbidirvi
1386 4299 1400 4324 ,
1441 4280 1467 4312 e
1513 4278 1600 4323 per
1626 4266 1700 4311 cui
1727 4280 1823 4311 non
1848 4266 1911 4310 bo
1935 4270 2076 4309 avuto
2101 4266 2195 4309 mai
2223 4266 2255 4310 il
2283 4266 2513 4324 coraggio
2538 4266 2583 4310 di
2609 4279 2700 4322 por
2724 4277 2868 4309 mano

346 4353 373 4400 a
408 4357 626 4401 scrivere
664 4356 831 4400 alcuna
867 4355 914 4401 di
952 4358 1107 4414 quelle
1143 4357 1293 4402 molte
1332 4367 1475 4411 cose,
1528 4355 1613 4401 cbe
1650 4367 1799 4399 avevo
1823 4367 1913 4410 pur
1937 4359 2133 4410 pensate
2159 4366 2247 4410 per
2272 4354 2540 4399 soddisfare
2566 4355 2645 4399 all'
2670 4353 2867 4413 obbligo

346 4443 656 4504 ingiuntomi.
730 4444 813 4488 Ma
854 4458 970 4490 ecco
1007 4443 1092 4490 che
1133 4458 1226 4489 una
1262 4441 1566 4501 opportunita
1597 4444 1663 4488 mi
1680 4444 1741 4490 ni
1779 4447 2002 4499 presenta
2037 4443 2084 4487 di
2122 4448 2289 4499 potere
2325 4445 2373 4488 in
2415 4442 2614 4500 qualche
2652 4442 2869 4488 maniera

347 4534 624 4589 adempiere
665 4537 835 4591 questo
870 4533 1031 4586 antico
1068 4534 1167 4578 mio
1206 4534 1401 4577 dovere.
1477 4532 1517 4578 11
1554 4536 1721 4577 vostro
1757 4503 2330 4587 doflssimo'ciltadino,
2374 4545 2399 4575 e
2434 4531 2536 4576 mio
2569 4531 2867 4575 amatissimo

347 4622 538 4680 tagino,
568 4620 725 4667 Conte
750 4617 1023 4666 France'sco
1048 4621 1278 4676 Ginanni,
1305 4621 1431 4676 dopo
1457 4633 1574 4666 aver
1598 4625 1727 4666 lanto
1754 4621 1992 4665 illustrata
2017 4633 2043 4665 e
2072 4621 2117 4665 la
2142 4622 2295 4665 storia
2319 4620 2558 4675 naturale,
2588 4632 2614 4665 e
2639 4620 2683 4663 la
2708 4618 2867 4664 buoua

344 4706 582 4764 filosofia,
623 4708 684 4753 ba
720 4714 1003 4754 consecrata
1042 4721 1133 4754 una
1169 4723 1288 4769 gran
1326 4714 1461 4765 parte
1499 4710 1622 4770 degli
1659 4710 1784 4768 studj
1823 4710 1928 4754 suoi
1968 4723 1997 4753 a
2036 4713 2159 4754 tutto
2196 4705 2302 4762 cio,
2341 4710 2427 4753 che
2452 4703 2548 4765 pud
2574 4708 2866 4768 agginngere

348 4798 547 4854 qualche
574 4797 742 4858 pregio
769 4799 863 4843 alla
890 4797 1030 4843 felice
1055 4803 1217 4843 vostra
1240 4799 1415 4854 patria.
1490 4798 1562 4844 La
1582 4799 1753 4844 Pineta
1777 4793 2053 4848 Raffennate
2079 4793 2103 4840 ὸ
2129 4799 2162 4843 il
2190 4802 2412 4857 soggelto
2429 4827 2442 4852 ,
2482 4809 2631 4851 sopra
2665 4796 2740 4841 cui
2779 4809 2866 4841 ora

346 4887 519 4931 scrire.
594 4887 698 4931 Alle
722 4886 855 4931 mille
882 4886 1143 4932 bellissime
1169 4887 1496 4932 osservazioni
1516 4918 1530 4942 ,
1573 4886 1740 4948 cb'egli
1769 4885 1817 4930 fa
1842 4871 1985 4943 sopra
2011 4883 2181 4940 l’erbe,
2226 4899 2251 4930 e
2278 4885 2524 4941 le‘piante,
2564 4881 2652 4931 c‘be
2678 4885 2727 4930 iu
2755 4888 2882 4930 essa'
