3502 5487
571 456 683 544 ιὰ
860 502 867 509 ’
1312 470 1313 473 ‘
1420 479 2216 549 PRAEFATIQ

735 650 801 713 A
858 649 1082 734 populi
1138 646 1423 714 Romani
1485 671 1558 713 re
1615 649 1872 733 publica
1929 654 2374 716 transeundum
2435 653 2730 738 deinceps
2789 668 2926 719 erat
2983 660 3063 720 ad

564 786 698 828 rem
729 762 1188 846 municipalem,
1224 736 1409 847 quae,
1443 782 1636 849 quum
1668 763 2068 845 potissimum
2099 783 2183 827 ex
2209 763 2758 848 inscriptionibus,
2810 770 3062 835 Rothio

567 899 648 941 ex
691 888 833 949 toto
878 875 1226 959 neglectis,
1271 875 1576 939 illustrari
1620 878 1886 969 debeat,
1935 896 2063 940 non
2108 875 2243 940 sine
2287 898 2470 957 causa
2516 879 2579 943 id
2623 881 2786 947 mihi·
2814 904 3063 966 propo-

565 990 759 1073 situm⁸
793 989 952 1064 fnit,
1002 1001 1070 1051 ut
1111 992 1189 1051 ad
1221 994 1485 1053 saxaff'eo
1515 988 1892 1071 pertinentia
1922 988 2199 1075 undique
2236 994 2728 1072 comportanda,
2785 1006 3060 1079 apteque

565 1102 960 1186 disponenda
1004 1100 1313 1164 assiduam
1357 1123 1656 1164 navarem
1700 1086 1992 1184 operam.
2109 1103 2259 1182 Quo
2319 1103 2571 1188 quidem
2629 1106 2693 1170 id
2736 1120 3060 1171 assecutus

487 1233 490 1236 ’
567 1236 705 1278 esse
764 1213 917 1276 mihi
974 1214 1237 1289 videor,
1308 1224 1415 1289 ut,
1486 1215 1851 1299 quicunque
1901 1202 2070 1277 hanc
2129 1215 2567 1300 antiquitatum
2623 1219 3058 1283 Romanarum

566 1325 1079 1393 obscurissimam
1125 1328 1329 1389 adhuc
1371 1337 1617 1408 partem
1679 1330 1889 1391 denuo
1935 1327 2361 1405 scrutabitur,
2430 1329 2679 1395 facilius
2741 1343 2916 1396 certe
2976 1330 3059 1397 sit

562 1452 1044 1522 perspecturus,
1094 1460 1371 1524 quonam
1414 1438 1689 1523 singula,
1738 1440 1803 1502 in
1848 1461 2011 1524 quae
2054 1441 2193 1522 ipse
2231 1440 2485 1517 incidet,
2532 1444 2654 1506 sint
2690 1444 3055 1521 referenda,
3119 1476 3122 1477 ⁷

561 1574 822 1637 quoque
892 1554 1088 1617 modo
1164 1551 1607 1636 coniungenda
1683 1532 1827 1614 eum
1883 1551 1998 1627 iis,
2076 1574 2236 1636 quae
2295 1574 2330 1616 a
2388 1576 2486 1619 me
2550 1566 2698 1619 sunt
2762 1557 3059 1622 collecta.

563 1664 981 1731 Perreximus
1024 1664 1168 1727 inde
1213 1667 1293 1727 ad
1343 1686 1478 1728 eam
1520 1663 1848 1732 hominum
1909 1664 2380 1744 conditionem,
2454 1689 2615 1752 quae
2670 1668 2733 1731 in
2794 1682 3062 1753 quaestu
3141 1652 3144 1659 ⁴

563 1776 854 1866 facien—do
899 1778 1202 1863 victuque
1246 1776 1617 1861 quotidiano
1661 1781 1946 1861 parando
2008 1776 2353 1861 occupata⁸,
2429 1780 2570 1864 ipsa
2626 1791 2835 1845 tamen
2896 1784 3065 1864 apud

563 1891 901 1954 Romanos
944 1890 1268 1957 societatis
1313 1901 1656 1973 appetens,
1726 1901 2156 1976 quantumque
2199 1904 2489 1974 poterat,
2550 1916 2685 1958 rem
2741 1895 3061 1977 publicam

560 2002 838 2079 imitata,
913 2002 1230 2087 collegia,
1300 2022 1619 2085 corpora,
1690 2002 1991 2067 sodalicia
2047 2003 2371 2068 instituere
2426 2005 2676 2070 solebat
2733 2007 2861 2069 suis
2917 2029 3060 2071 cum

560 2114 972 2198 praepositis,
1006 2116 1348 2199 magistris,
1384 2115 1700 2199 patroniS,
1751 2114 2252 2199 apparitoribus,
2300 2118 2530 2195 servis,
2575 2117 2829 2204 legibus
2870 2119 3057 2182 etiarn

563 2241 624 2291 et
656 2228 963 2303 decretis3
1011 2250 1141 2312 quo
1184 2228 1403 2311 utique
1448 2229 1510 2291 in
1558 2250 1793 2314 genere
1837 2228 2108 2293 maxima
2148 2251 2371 2293 rursus
2407 2230 2892 2314 inscriptionum
2935 2231 3063 2294 uti-

563 2343 709 2404 litas
768 2341 1076 2404 cernitur.
1196 2340 1642 2426 collegiorum
1691 2352 1898 2404 autem
1942 2342 2154 2407 forma
2195 2354 2572 2426 perspecta,
2641 2343 2924 2429 singulas
2983 2346 3065 2409 ad

564 2466 770 2530 arteS,
818 2475 981 2539 quae
1027 2475 1210 2517 manu
1256 2465 1572 2531 constant,
1621 2476 1817 2538 quum
1860 2450 2421 2533 descendissemus,
2471 2468 2848 2539 supererant
2886 2458 3066 2521 varia

562 2566 890 2631 hominum
948 2563 1114 2629 inte'r
1172 2588 1241 2630 se
1301 2566 1717 2644 commercia,
1799 2562 1911 2647 (τὰ
1969 2562 2353 2655 συμβόλαια
2397 2569 2632 2633 Graeci
2674 2571 3065 2652 nuncupant)

562 2702 724 2765 quae
772 2691 995 2743 cuncta
1041 2677 1209 2742 vitae
1254 2680 1601 2745 communis
1649 2679 1904 2745 nomine
1949 2681 2272 2764 complexi
2329 2704 2568 2747 sumus.
2672 2684 2859 2747 Hanc
2901 2703 3064 2748 vero

567 2804 885 2884 tamquam
932 2792 1238 2856 curriculi
1284 2805 1512 2855 metam
1558 2793 1829 2872 emensis
1859 2815 1978 2857 una
2009 2796 2289 2857 restabat
2321 2816 2534 2858 rerum
2563 2794 2807 2870 ultima,
2857 2816 3057 2872 mors,

565 2905 813 2969 infinito
861 2906 1190 2970 titulorum
1234 2925 1501 2970 numero
1548 2906 1902 2982 celebrata,
1952 2905 2061 2989 qui
2105 2905 2355 2992 quidem
2399 2927 2658 2980 omnes,
2706 2928 3064 2992 quamcun-

569 3039 692 3101 que
741 3020 985 3082 dcmum
1032 3039 1260 3082 vocem
1304 3017 1554 3081 mittant
1600 3019 1706 3081 vel
1749 3018 1891 3082 veri
1934 3019 2280 3096 maeroris,
2328 3019 2433 3083 vel
2476 3020 2957 3084 benevolentiae
3002 3032 3065 3083 et

569 3128 887 3212 caritatis,
938 3132 1041 3218 »sel
1087 3130 1362 3196 levitatis
1406 3152 1480 3195 ac
1524 3132 1864 3213 superbiae
1909 3132 2075 3195 inter
2117 3132 2362 3196 cineres
2408 3144 2472 3195 et
2515 3152 2694 3210 ossa,
2742 3132 2881 3197 iura
2926 3133 3063 3196 cul«-

568 3255 830 3328 tumque
873 3243 1083 3308 Deum
1129 3244 1419 3308 Manium
1464 3266 1656 3330 quum
1702 3244 2039 3309 identidem
2084 3249 2532 3322 recordentur,
2580 3247 2659 3308 ad
2692 3245 3062 3330 religiones,

568 3358 735 3420 unde
778 3357 1118 3443 progressi
1163 3379 1451 3435 eramus,
1496 3356 1679 3422 fatali
1708 3360 1985 3443 quodam
2016 3369 2460 3443 perpetuoque
2491 3356 2856 3423 circuitu‘et
2885 3357 3095 3442 quasi¹

571 3472 730 3533 orbe
776 3491 894 3534 nos
937 3474 1360 3535 reduxerunt.

740 3585 838 3648 Ita
884 3584 1178 3666 exposita
1206 3585 1340 3668 vmei
1385 3583 1635 3649 consilii
1679 3583 2138 3667 simplicissima
2177 3585 2423 3649 ratione
2455 3606 2528 3647 ac
2556 3583 2681 3661 via,
2731 3586 2811 3646 ab
2840 3586 3064 3645 harum

571 3717 792 3760 rerum
836 3696 1247 3780 peritioribus
1290 3696 1558 3760 libenter
1602 3697 1857 3775 discam,
1906 3707 2116 3761 utrum
2152 3696 2270 3760 ista
2301 3695 2672 3759 Latinarum
2700 3693 3068 3780 inscriptio·

570 3830 718 3873 num
765 3808 1114 3891 descriptio
1161 3808 1369 3873 varias
1419 3808 1479 3872 in
1526 3809 1799 3885 classes,
1864 3830 2206 3894 earumque
2251 3809 2500 3894 singula
2546 3807 2783 3890 capita,
2847 3829 3067 3892 quem·
3141 3809 3144 3814 '

567 4033 831 4116 phicae,
902 4033 1145 4097 necne?
1258 4035 1375 4098 Me
1435 4034 1684 4119 quidem
1743 4034 2101 4098 iamdudum
2162 4036 2290 4098 hoc
2345 4034 2406 4096 in
2453 4035 2687 4096 ‘labore
2747 4045 3066 4097 versatum

569 4168 721 4211 usus
765 4131 900 4230 ipse
946 4147 1240 4224 edocuit,
1291 4145 1629 4238 unicuique
1674 4146 1868 4230 lapidi
1910 4146 2003 4211 sic
2029 4146 2327 4211 facillime
2358 4158 2597 4209 certum
2629 4146 2839 4210 locum
2877 4167 3069 4229 posse

571 4259 919 4344 assignari,
968 4258 1033 4322 in
1078 4280 1208 4345 quo
1255 4260 1617 4323 universam
1661 4258 2052 4344 antiquitatis
2091 4259 2418 4323 Romanae
2449 4257 2837 4341 disciplinam
2866 4259 3063 4333 iuvet,

570 4372 818 4449 firmet,
865 4372 1179 4446 illustret3
1249 4371 1360 4457 qui
1403 4374 1679 4449 taudem,
1730 4371 1792 4435 ni
1840 4371 2062 4446 fallor,
2112 4370 2390 4435 omnium
2435 4371 2792 4436 studiorum
2834 4371 2962 4433 hoc
3003 4369 3069 4433 in

574 4507 809 4571 genere
854 4485 1319 4550 collocatorum
1370 4507 1703 4569 supremus
1751 4496 1848 4549 est
1891 4484 2057 4547 finis.

740 4598 863 4662 His
908 4598 1200 4663 omnibus
1246 4596 1487 4661 subieci
1530 4596 1747 4708 Caput
1790 4598 2030 4661 XXII.
2079 4618 2160 4660 ex
2204 4595 2404 4660 variis
2433 4597 2914 4661 Haozunvcmi
2947 4596 3066 4657 ob-

574 4711 1044 4776 servationibus
1100 4709 1343 4775 criticis
1398 4722 1738 4788 constans,
1803 4732 1967 4795 quae
2012 4708 2266 4794 quidem
2310 4709 2512 4775 laudis
2557 4728 2729 4772 meae
2774 4705 2932 4769 nihil
2972 4706 3068 4769 in-

573 4822 818 4909 digent.
907 4822 1393 4890 Praefationem
1440 4834 1645 4887 autem
1692 4822 2105 4909 subsequitur
2164 4824 2348 4889 Artis
2407 4822 2666 4890 criticae
2722 4819 3071 4903 lapidariae
