3502 5487
580 454 693 514 m
1109 496 1110 499 ι
1207 449 1388 509 c.11.
1466 448 1992 511 MONVMENTA
2030 449 2493 513 ms‘roamm

724 591 786 638 c,
825 590 1096 643 cassan.
1137 590 1274 635 mvi
1311 589 1466 635 AVG.
1504 577 1700 643 paon.
1740 589 1894 635 AVG.
1935 591 1987 635 s.
2028 591 2089 638 c.
2161 590 2328 637 Pneus
2364 591 2625 638 ubertatis.

723 661 876 707 PON.
918 663 990 706 M.
1029 652 1134 705 ΤΒ.
1174 661 1234 706 Ρ.
1275 660 1363 705 111.
1402 659 1463 705 P.
1502 660 1561 705 P.
1605 659 1744 705 COS.
1788 659 1983 715 TERT,
2023 662 2083 706 R.
2126 662 2183 707 C.
2225 661 2284 708 C.
2360 662 2414 708 In
2451 676 2567 707 area
2601 664 2803 710 nummi.

651 731 670 750 ⁸
722 731 875 777 PON.
916 732 988 776 Μ.
1029 731 1134 775 ΤΒ.
1175 732 1234 776 P.
1276 730 1390 774 1111.
1431 729 1572 775 COS.
1616 728 1809 775 ΤΕΒΤ.
1851 731 1911 775 Β.
1951 730 2009 775 C.
2051 732 2110 776 C.
2186 731 2329 777 Num.
2367 733 2571 778 Faesch.

726 802 999 867 (stellulam
1035 802 1409 845 additamentum
1444 802 1503 844 ad
1542 799 1786 845 Oceonem
1823 806 1993 851 notante
2031 808 2194 847 mouet
2226 802 2443 848 Mediob.
2484 806 2531 848 iu
2568 815 2655 848 sua
2689 802 2878 861 Praef.)

724 872 1007 917 Huiusmodi
1058 884 1300 916 nummum
1345 871 1562 927 possedit
1611 871 1728 915 olim
1764 872 2004 926 Vrsinus,
2067 874 2170 917 eius
2216 886 2438 918 aversam
2484 874 2554 917 sic
2603 874 2753 919 citans
2790 874 2839 918 in
2874 871 2991 920 Noe.
3032 872 3104 922 ml

585 940 712 987 Tae.
753 940 916 987 Antw.
962 938 1114 987 1595.
1169 938 1217 986 8.
1270 955 1318 996 p.
1362 938 1482 986 425.
1557 939 1698 985 COS.
1754 934 1946 998 QVA‘T.
1992 942 2146 988 PON.
2198 943 2271 989 M.
2323 943 2427 989 ΤΒ.
2482 943 2542 988 Ρ.
2586 943 2697 988 nn.
2748 944 2852 989 PP.
2890 944 2951 990 R.
2993 944 3099 994 CC.

582 1012 812 1057 Eiusdem
849 1012 911 1056 ob
949 1012 1008 1056 R.
1050 1011 1150 1056 CC.
1191 1011 1408 1055 meminit
1452 1016 1618 1066 postea
1665 1010 1712 1055 in
1750 1008 1865 1056 Nor.
1908 1010 1976 1056 ad
2010 1012 2149 1058 Suet.
2190 1012 2267 1057 ed.
2296 1011 2456 1058 Antw.
2500 1027 2547 1069 p.
2580 1010 2698 1058 4⁸2.
2738 1014 2840 1059 sive
2876 1014 2924 1059 in
2963 1017 3100 1062 Suet.

580 1079 760 1127 But-m.
806 1083 867 1127 T.
918 1080 964 1128 1.
1007 1096 1053 1138 p.
1099 1079 1192 1126 631
1233 1096 1278 1126 a.
1353 1081 1428 1126 Ex
1466 1082 1660 1126 loberto
1698 1078 1939 1145 (Einleit.
1980 1096 2073 1128 :ur
2108 1082 2406 1128 Miinzwiu.
2448 1097 2496 1139 p.
2539 1080 2694 1139 430.)
2744 1084 2883 1129 didici
2920 1087 3105 1131 nummi

583 1151 756 1197 Caiani
806 1153 991 1212 siglas,
1053 1152 1123 1209 (in
1163 1153 1499 1213 Muratoniano
1536 1157 1807 1196 commento
1846 1152 2053 1208 pessime
2090 1152 2181 1197 Rea·
2216 1151 2445 1197 Ceneitae
2482 1149 2809 1198 Conservator-
2846 1168 3105 1212 expansas,
3121 1147 3139 1157 ⁸

581 1236 677 1267 non
713 1220 946 1267 Remissa
985 1217 1074 1266 00.
1117 1223 1152 1265 i.
1193 1236 1237 1266 e.
1279 1220 1651 1276 ducentesima,
1692 1220 1805 1279 (quo
1844 1222 2021 1268 inducti
2059 1225 2247 1281 quidam
2285 1228 2396 1267 sunt
2431 1236 2489 1267 ex
2526 1236 2720 1268 nummo
2757 1223 2970 1271 Galbae·
3010 1223 3105 1270 Re

582 1293 746 1337 micea
784 1292 895 1337 n..
936 1292 971 1337 i.
1013 1306 1058 1337 e.
1101 1290 1501 1355 quadragesima
1536 1306 1582 1335 v.
1624 1294 1886 1374 Τεσσαρ.
1914 1306 1975 1349 p.
2019 1290 2173 1351 566.)
2222 1295 2316 1352 legi
2354 1293 2561 1349 debere,
2601 1294 2686 1337 sed
2718 1291 2958 1339 Restituta·
2992 1292 3103 1339 Cir-

584 1374 791 1416 censes,
853 1366 904 1406 ut
949 1362 996 1407 in
1035 1362 1240 1421 Augusti
1289 1372 1516 1407 nummo.
1573 1361 1855 1411 Cir-Censes
1893 1364 2131 1425 Augusti.
2208 1364 2430 1408 limmen.
2471 1364 2594 1408 Mss.
2671 1362 2719 1407 Is
2768 1364 2855 1408 etsi
2906 1366 3103 1425 egregie

585 1432 792 1486 explosit
838 1433 1219 1477 commenticiam
1268 1432 1411 1477 istam
1456 1433 1847 1490 inscriptionem,
1904 1437 1951 1479 in
2002 1448 2095 1492 qua
2143 1434 2327 1488 haesit,
2385 1434 2512 1478 nodo
2561 1438 2718 1478 tamen
2766 1447 2861 1478 non
2906 1436 3100 1489 soluto,

584 1501 842 1547 Eckhelius
879 1516 1065 1561 quoque
1101 1500 1171 1547 D.
1203 1499 1269 1547 N.
1303 1499 1350 1547 6.
1386 1515 1433 1557 p.
1463 1499 1583 1548 224.
1605 1536 1616 1558 ,
1670 1506 1841 1555 melius
1880 1511 2036 1549 tamen
2072 1506 2351 1549 retinuisset
2383 1504 2599 1561 priorem
2633 1504 2866 1562 siglarum
2893 1504 2954 1548 R.
2994 1503 3096 1550 CC.

587 1572 980 1627 explicationem:
1034 1569 1265 1616 Remissa
1301 1571 1644 1616 ducentesima
1656 1588 1680 1628 ;
1730 1588 1775 1619 v.
1814 1574 1994 1620 Eckhel
2033 1575 2069 1619 l.
2107 1575 2142 1619 1.
2202 1573 2276 1617 Ex
2314 1587 2506 1618 nummo
2543 1575 2725 1628 pariter
2762 1571 2990 1619 confictus
3028 1579 3102 1620 est

586 1641 1011 1757 alingaocaligulae
1067 1643 1259 1755 gingius,
1323 1643 1454 1687 Mur.
1500 1640 1629 1700 225,
1682 1642 1767 1701 2.,
1832 1650 1882 1691 ut
1931 1645 2071 1690 facile
2127 1645 2369 1703 colligitur
2424 1657 2483 1689 ex
2531 1643 2765 1689 Eckhelio
2812 1641 2882 1689 D.
2924 1643 2993 1690 N.
3045 1641 3095 1689 6.

583 1725 634 1768 p-
786 1742 801 1758 .
876 1713 924 1757 Is
961 1714 1027 1757 ita
1099 1727 1126 1754 a
1163 1716 1239 1756 et:

742 1818 871 1873 702.
917 1811 986 1869 C.
1033 1809 1354 1875 CAESAR
1392 1812 1583 1869 AVG.
1629 1814 2074 1872 GERMANIC.
2116 1812 2284 1871 IMP.
2328 1812 2398 1872 P.
2428 1812 2513 1872 M.
2557 1812 2686 1871 TR.
2728 1814 2799 1871 P.
2843 1811 3018 1871 COS.
3065 1812 3092 1872 ll

588 1905 715 1964 CN.
770 1886 995 1963 ATEI.
1055 1903 1288 1963 FLAc.
1345 1905 1471 1963 CN.
1527 1907 1773 1966 120MP.
1828 1908 2060 1967 FLAc.
2111 1895 2373 1965 iTVIR.
2431 1907 2507 1984 Q.
2552 1906 2719 1964 v.1.
2760 1904 2841 1964 N.
2882 1904 3020 1982 αι)
3065 1906 3093 1964 ιι

588 1998 770 2057 SAL.
813 1998 1068 2068 AVG.2)
1117 2029 1178 2041 —
1263 1998 1600 2059 Cordubae.

663 2098 711 2155 1)
767 2100 1150 2158 quinquennales
1199 2099 1331 2144 Mur.
1408 2101 1500 2145 Sed
1547 2102 1700 2148 Eckh.
1751 2105 1962 2148 rectius:
2026 2102 2413 2161 Quinquennales
2459 2100 2684 2145 Victi-icis
2733 2099 2881 2144 Iuliae
2931 2098 3102 2145 Novae

588 2169 764 2214 Cartha
739 2172 912 2229 aginis.
1012 2166 1062 2223 2)
1124 2170 1262 2214 Salus
1300 2168 1536 2229 Augusto.
1613 2173 1665 2216 ln
1703 2173 1803 2229 lap.
1844 2174 2110 2233 Burgensi,
2163 2171 2306 2217 Grut.
2351 2168 2477 2226 188,
2521 2169 2569 2218 7.
2610 2171 2840 2214 notandus
2877 2170 3096 2217 Procon-

589 2241 774 2287 sulatus
813 2239 1079 2298 Caligulae.
1153 2253 1200 2284 v.
1239 2239 1419 2284 Eckhel
1457 2242 1518 2285 D.
1549 2241 1608 2286 N.
1651 2240 1700 2288 8.
1744 2256 1791 2298 p.
1834 2239 1953 2288 3⁴2.
2050 2243 2098 2287 Is
2134 2255 2250 2286 vero
2288 2242 2451 2286 titulus
2489 2240 2763 2301 Caligulae,
2811 2240 2856 2285 in
2895 2253 2946 2283 se
2983 2253 3095 2295 spe·

589 2314 761 2366 clatus,
803 2309 1077 2369 neutiquam
1113 2311 1406 2365 spernendus
1444 2319 1550 2357 erat
1586 2313 1665 2357 Ma
1668 2314 1796 2357 rinio
1833 2312 1956 2357 Atti.
1997 2308 2045 2358 2.
2088 2325 2134 2368 p.
2168 2308 2309 2366 720„
2349 2325 2494 2368 quum
2531 2312 2577 2355 in
2616 2309 2939 2370 hagenbuchii
2976 2306 3098 2353 Hel·

588 2385 680 2426 νεῖ.
708 2381 753 2427 1.
777 2397 824 2438 p.
850 2378 968 2426 341.
1010 2392 1068 2426 ex
1106 2373 1388 2444 αὐτοψίᾳ
1427 2384 1631 2427 duorum
1668 2383 1771 2428 eius
1808 2384 2072 2427 amicorum
2099 2384 2252 2426 denuo
2289 2382 2353 2425 sit
2383 2383 2667 2437 exscriptus.
2716 2381 3012 2437 Quamquam
3038 2392 3099 2424 ex

588 2452 685 2495 alio
721 2454 844 2508 apud
881 2453 1083 2499 eundem
1121 2455 1415 2509 exemplari,
1467 2460 1518 2497 ut
1557 2467 1722 2497 verum
1766 2453 1948 2507 fatear,
2002 2454 2059 2498 de
2101 2457 2233 2496 certa
2269 2451 2470 2497 lectione
2506 2464 2613 2495 voc.
2652 2450 2844 2495 PROC.
2887 2450 3096 2493 nondum

591 2522 707 2568 satis
745 2527 961 2567 constat:
1002 2536 1047 2567 v,
1077 2538 1185 2569 nos.
1229 2523 1288 2568 N.
1324 2522 1442 2569 468.
1520 2523 1680 2567 Alium
1716 2523 1924 2579 lapidem
1960 2536 2068 2567 cum
2100 2536 2241 2567 eraso
2278 2521 2523 2581 Caligulae
2566 2522 2757 2565 nomine
2794 2519 3012 2564 dabimus
3049 2520 3098 2563 in

591 2592 757 2648 Capite
795 2595 851 2638 de
890 2592 1128 2649 Operibus
1166 2594 1387 2650 publicis.

819 2692 951 2750 Hoc
991 2713 1226 2771 quoque
1268 2696 1360 2751 sui
1398 2704 1845 2751 mouumentum
1882 2692 2127 2769 reliquit
2166 2690 2465 2768 Caligula:

743 2795 871 2848 705.
945 2788 1047 2845 ΤΙ.
1106 2787 1532 2846 CLAVDIVS.
1572 2786 1840 2845 'DRVSI
1890 2788 1959 2843 F.
2018 2785 2358 2844 CAESAR.
2415 2783 2855 2842 AVGVSTVS
2903 2783 3098 2842 GER-

591 2879 977 2937 MANICVS.
1043 2883 1067 2938 ll
1133 2882 1455 2939 PONTIF.
1518 2881 1819 2938 MAXIM.
1885 2880 2097 2938 TRIB.
2160 2880 2344 2937 POT.
2389 2868 2467 2936 VJ
2522 2878 2688 2935 IMP.
2751 2866 2878 2935 XT.—
2907 2879 2979 2934 P.
3020 2878 3091 2934 P.

594 2973 770 3030 COS.
812 2973 1077 3032 DESIG.
1121 2964 1323 3044 ΪΪΪΪΪἸ)
1386 2976 1410 3034 ΙΙ
1473 2974 1759 3032 ARCVS.
1803 2973 2122 3032 DVCTVS
2164 2973 2463 3046 AQVAE.
2519 2970 2881 3030 VIRGINIS
2925 2971 3093 3027 DIS·-

593 3067 1032 3125 TVRBATOS
1105 3068 1281 3126 PER.
1351 3069 1418 3126 C.
1489 3067 1924 3127 CAESAREM
1994 3070 2018 3127 ΙΙ
2086 3069 2142 3124 Α
2180 3065 2766 3125 FVNDAMENTIS
2818 3063 3094 3123 NOVOS

592 3160 854 3219 FECIT.
898 3161 1005 3220 Ac
1045 3161 1507 3224 RESTITVIT.
1557 3194 1619 3206 —-
1701 3163 1973 3228 Romae„
2029 3163 2204 3220 G-rut.
2237 3165 2366 3230 176,
2386 3168 2453 3256 v5.
2510 3161 2678 3219 Vidit
2711 3159 2993 3217 Smetius.
3030 3189 3104 3202 --

593 3256 825 3315 Mutat!
860 3261 1005 3326 444,
1049 3264 1104 3317 7.

669 3356 721 3416 1)
773 3358 922 3416 Huius
962 3335 1303 3414 imperatoris,
1345 3363 1396 3403 ut
1430 3358 1719 3416 Domitiani,
1760 3363 2067 3403 monumenta
2104 3359 2310 3403 maxime
2348 3359 2537 3403 sincera
2573 3362 2712 3414 atque
2751 3357 2938 3415 integra
2975 3354 3099 3399 inter

595 3430 794 3474 servilia
829 3434 940 3473 sunt
975 3429 1332 3488 investiganda,
1371 3430 1544 3475 veluti:

749 3532 878 3589 704.
950 3528 1293 3587 CINAMIO
1365 3529 1391 3586 ll
1461 3528 1529 3586 C.
1575 3528 1969 3588 CAESARIS
2024 3527 2213 3585 AV.G
2270 3526 2546 3583 VERNA
2618 3527 2642 3584 ΙΙ
2717 3491 3095 3584 CINNAMI.

597 3621 1015 3682 CAESARIS.
1066 3623 1171 3679 ET
1215 3622 1641 3681 SECVNDAE
1694 3622 2299 3681 DRVSILLIANER
2357 3621 2382 3679 ll
2437 3615 2699 3678 FILIVS
2752 3619 2909 3677 HIC.
2936 3619 2981 3694 ¹)
3028 3648 3091 3660 -

593 3717 740 3774 Fori
794 3716 1156 3793 Sempronii.
1236 3717 1396 3774 Mur.
1445 3722 1589 3787 995,
1647 3726 1737 3781 15.
1821 3717 2038 3774 Donati
2085 3724 2139 3774 2.
2185 3735 2244 3792 Ρ.
2301 3721 2444 3784 309,
2485 3719 2545 3774 6.
2603 3733 2679 3770 ex
2729 3714 3095 3781 Passioneo,

597 3831 713 3889 quo
752 3823 904 3869 teste
944 3812 1313 3869 Muratorius
1356 3822 1567 3869 contra
1619 3808 1799 3869 fidem
1848 3812 2063 3900 lanidis
2118 3810 2262 3887 (sed
2310 3821 2511 3868 tamen
2558 3806 2760 3884 recte)
2814 3806 3100 3866 CINNA-

594 3905 746 3964 ΜΙΟ
806 3918 864 3963 et
915 3891 1561 3976 DRVSILLIANOR,
1631 3909 1902 3983 quamvis
1960 3906 2116 3962 idem
2172 3904 2568 3981 negligentius
2625 3904 2687 3961 in
2738 3899 2871 3958 Iud.
2932 3917 3095 3957 nom.

593 4001 849 4054 Secunda
905 4002 1427 4054 Drusilll'anorume
1493 4019 1674 4077 quum
1731 4004 1811 4058 sit
1869 4002 2151 4054 cinnama·
2211 4001 2473 4053 Caesaris
2528 3999 2696 4050 Servi
2749 3996 3096 4050 Drtasilliani

598 4093 629 4169 (
641 4096 744 4172 qui
781 4113 855 4151 ex
900 4094 1227 4151 hereditate
1257 4093 1553 4151 Drusillae
1593 4094 1667 4150 ad
1708 4091 2034 4170 Caligulam
2072 4090 2466 4169 pervenerat)
2505 4102 2565 4148 et
2600 4090 2919 4158 Secundae,
2958 4091 3103 4146 item

595 4190 1009 4243 Drusillianae.
1089 4188 1214 4246 cfr.
1262 4187 1587 4245 eorundem
1631 4188 1836 4245 titulos
1877 4188 2034 4245 Mur.
2077 4192 2216 4254 893,
2260 4194 2315 4243 2.
2361 4193 2417 4247 5.

669 4288 719 4344 1)
757 4290 874 4334 Scil.
913 4291 1045 4334 situs
1081 4296 1173 4336 ecl.
1248 4289 1429 4335 Eadem
1467 4290 1650 4345 ellipsis
1688 4291 1868 4345 passim
1904 4289 2163 4344 reperitur.
2201 4301 2247 4331 v.
2277 4301 2321 4330 c.
2350 4287 2482 4330 Mur.
2514 4282 2666 4340 1720,
2710 4282 2791 4331 10.
2837 4280 2986 4337 1754,
3017 4279 3101 4328 11.

555 4409 564 4414 ,
601 4356 764 4415 1574,
809 4355 891 4404 10.
949 4357 1109 4416 1296,
1152 4356 1201 4404 3.
1255 4357 1382 4413 850,
1426 4355 1475 4404 3.
1534 4359 1594 4404 Η.
1635 4359 1674 4404 1.
1716 4361 1775 4403 C.
1816 4359 2223 4418 coniungendam,
2275 4356 2412 4412 me,
2452 4369 2605 4415 neque
2641 4369 2750 4401 cum
2785 4355 2915 4399 Mur.
2955 4354 3105 4398 inter-

593 4432 907 4486 pretandum:
948 4427 1030 4474 laic
1065 4432 1196 4475 iacet
1230 4429 1481 4474 conditus.
1522 4455 1588 4465 —
1643 4431 1775 4476 Mur.
1821 4428 1983 4484 1679,
2024 4427 2110 4473 14.
2184 4428 2401 4473 Fabrett.
2441 4439 2491 4483 p.
2535 4424 2664 4481 147,
2707 4423 2825 4472 179.
2876 4437 2926 4482 p.
2969 4419 3099 4477 616,
3147 4453 3155 4480 ·.

601 4497 718 4547 138.
758 4515 807 4560 p.
854 4498 985 4558 709,
1026 4497 1144 4547 300.
1184 4507 1277 4546 cet.
1318 4501 1541 4545 flauam.
1583 4501 1707 4545 Mss.

1243 4665 1305 4735 §.
1367 4659 1433 4722 8.
1522 4658 1755 4724 IMP.
1833 4658 2447 4726 CLAVDIVS.

752 4778 881 4838 705.
960 4767 1509 4831 Celebratissimum
1571 4774 1865 4829 orationis
1941 4770 2170 4828 Claudii
2243 4769 2642 4846 fragmentum
2701 4765 3106 4844 Lugdunense

598 4870 818 4928 videsis
898 4886 996 4942 ap.
1075 4864 1404 4923 Gruterum
1481 4883 1542 4940 p.
1612 4872 1742 4926 502.
1831 4876 1891 4922 et
1939 4865 2306 4922 ‘accuratius
2383 4862 2606 4919 editum
2682 4862 2745 4919 in
2819 4858 3108 4919 Brotierii
