3502 5487
1178 487 1981 557 PRAEFATIQ
2179 448 2202 473 '
2752 446 2826 559 ιι

329 668 587 743 poterat
624 679 833 744 aequo
878 658 1165 745 censori:
1214 662 1327 723 sed
1372 659 1608 741 duplex
1634 670 1965 742 praeterea
1993 662 2324 727 consilium
2357 663 2564 729 animo
2597 668 2836 730 obver-

332 774 595 837 sabatur
652 793 836 837 meo:
913 771 966 836 si
1026 772 1278 858 quidem
1333 771 1533 855 ipsam
1592 794 1852 858 quoque
1907 773 2296 863 disciplinam
2356 777 2831 863 epigraphicam

335 886 730 970 aliquatenus
774 883 1110 961 adiuvare,
1183 884 1544 968 librumque
1591 906 1795 949 meum
1839 884 2106 968 propria
2149 890 2416 973 quadam
2461 893 2613 953 dote
2657 911 2833 954 com-

340 1000 636 1061 mendare
679 997 982 1062 studiosis
1025 1008 1269 1061 mature
1314 1001 1748 1061 decreveram.
1837 998 2126 1063 Primum
2169 999 2371 1085 igitur
2405 1023 2448 1065 e1
2470 1001 2830 1087 largissimo

333 1132 503 1195 penu
532 1108 1117 1196 Hagenbii'chianO,
1167 1132 1583 1195 quaecunque
1613 1113 1947 1176 commode
1976 1125 2239 1193 possent
2269 1113 2509 1189 afferri,
2535 1115 2617 1181 ‚in
2648 1136 2829 1178 usum

338 1221 737 1287 eruditorum
783 1236 961 1286 erant
1005 1226 1474 1306 depromenda;
1534 1244 1738 1307 neque
1782 1224 2036 1288 silentio
2095 1228 2438 1307 premenda
2497 1228 2824 1303 ducebam,

332 1356 495 1421 quae
539 1335 709 1400 inter
751 1346 875 1399 tam
923 1336 1281 1399 diuturnum
1326 1336 1637 1412 laborem,
1685 1336 2112 1421 gratissimum
2158 1337 2410 1421 quidem
2453 1337 2656 1415 illum,
2706 1339 2832 1424 ipsi

328 1447 479 1513 mihi
514 1446 840 1512 venissent
870 1448 931 1512 in
962 1459 1231 1513 mentem
1262 1447 1811 1531 interpretationis
1841 1460 1905 1513 et
1935 1449 2437 1514 emendationum
2469 1452 2844 1515 tentaminav

328 1562 557 1646 Neque
607 1582 768 1625 vero
813 1561 1123 1626 minimam
1183 1561 1446 1626 huiusce
1503 1582 1694 1625 curae
1749 1560 2080 1625 utilitatem
2141 1584 2277 1625 eam
2329 1584 2467 1627 esse
2511 1576 2825 1648 reputem,

331 1677 506 1758 quod
563 1675 725 1738 duce
773 1675 1147 1759 plerumque
1189 1674 1701 1759 Hagenbuchio,
1772 1673 1993 1765 titulos
2041 1695 2076 1736 a
2120 1668 2387 1738 diversis
2431 1675 2829 1758 repetitionis

325 1788 463 1852 sere
498 1786 742 1871 ignaris
795 1786 1115 1852 exhibitos
1161 1787 1477 1871 varioque
1525 1789 1720 1851 modo
1770 1787 1871 1850 vel
1905 1787 2107 1851 lectos
2138 1789 2241 1851 vel
2274 1788 2629 1870 explicatos
2657 1789 2829 1852 inter

326 1920 395 1962 se
436 1899 714 1963 contulit
791 1920 914 1982 qua
959 1898 1212 1984 quidem
1260 1898 1592 1985 diligentia
1649 1898 1728 1977 ii,
1804 1899 2037 1984 quibus
2077 1921 2354 1984 magnas
2413 1900 2827 1966 collectiones

327 2010 689 2075 excutiendi
743 2011 1041 2075 voluntas
1099 2011 1256 2089 erit,
1324 2014 1493 2076 haud
1554 2011 1685 2076 levi
1747 2032 1936 2095 saepe
2001 2012 2285 2079 molestia
2351 2013 2817 2077 liberabuntur.

326 2124 552 2209 Neque
613 2135 826 2208 tamen
895 2124 962 2187 id
1043 2124 1164 2189 mei
1239 2125 1428 2191 officii
1485 2125 1672 2202 duxi,
1742 2134 1813 2189 ut
1867 2123 2129 2210 singulis
2187 2124 2251 2187 in
2308 2124 2507 2190 titulis
2576 2126 2810 2204 omnia,

326 2235 435 2298 ubi
487 2234 678 2299 iidem
737 2235 1214 2319 reperirentur,
1275 2237 1513 2321 scripta
1557 2236 1923 2303 indicarem.
2025 2239 2237 2301 Nemo
2293 2237 2493 2323 igitur
2535 2240 2810 2303 exsultet

330 2359 515 2433 atque
559 2348 946 2431 triumphet,
995 2349 1102 2413 ubi
1142 2350 1373 2414 librum
1417 2348 1823 2435 investigarit
1862 2372 1896 2412 a
1926 2370 2026 2413 me
2054 2349 2462 2431 praeteritum
2489 2351 2598 2413 vel
2624 2351 2816 2433 plane

325 2457 726 2544 ignoratum3
791 2461 1005 2543 potius
1066 2483 1178 2527 eos
1197 2504 1223 2552 ,ι
1280 2463 1510 2546 quibus
1569 2461 1793 2526 Turici
1849 2461 1941 2525 uti
1982 2461 2135 2524 mihi
2178 2482 2551 2527 concessum
2593 2462 2818 2537 fuerit,

329 2594 405 2636 ex
446 2573 650 2637 indice
693 2574 1002 2639 desumat.

449 2702 455 2708 ’
494 2686 786 2751 Alteram
833 2663 992 2752 verti
1036 2688 1445 2773 praecipuam
1494 2710 1708 2755 curam
1753 2688 1818 2754 in
1855 2686 2010 2754 illud
2048 2708 2304 2775 quoque
2345 2686 2825 2773 impendendam

328 2798 580 2877 merito,
630 2811 697 2864 ut
742 2801 1000 2884 opinor,
1048 2815 1223 2867 ratus
1266 2826 1428 2880 sum,
1488 2816 1558 2867 ut
1599 2824 1838 2867 novum
1876 2802 2135 2888 aliquod
2164 2801 2663 2884 supplementum
2693 2823 2827 2864 ma-

329 2935 594 2998 gnarum
638 2934 930 2995 pararem
976 2916 1423 2982 collectionum
1447 2910 1485 2990 ;ι
1515 2937 1720 3001 neque
1767 2936 1930 2980 vero
1971 2913 2155 2977 aliter
2182 2913 2246 2978 id
2274 2913 2541 2999 exsequi
2557 2912 2820 3004 licebat,

329 3024 444 3090 nisi
468 3025 756 3090 studiose
786 3031 1205 3114 undecunque
1235 3026 1647 3112 conquisitis,
1692 3026 1805 3113 qui
1839 3039 1993 3110 post
2022 3027 2346 3093 Donatum
2378 3028 2626 3089 demum
2670 3024 2825 3089 editi

330 3150 575 3215 essent,
640 3138 993 3220 lapidibus3
1061 3138 1121 3202 in
1167 3141 1399 3224 quibus
1441 3137 1973 3215 transcribendis,
2043 3141 2386 3202 dummodo
2429 3138 2597 3202 haud
2644 3137 2827 3201 nimis

332 3249 547 3335 exigui
578 3270 651 3312 ac
680 3250 882 3314 tenuis
915 3251 1282 3315 viderentur
1313 3252 1635 3327 momenti,
1670 3250 2022 3337 largiorem
2053 3251 2380 3336 aliquanto
2406 3272 2503 3314 me
2527 3249 2822 3334 praebui,

326 3384 510 3447 quam
554 3361 619 3425 in
663 3361 761 3438 iis,
812 3363 922 3447 qui
962 3362 1321 3428 iamdudum
1353 3376 1562 3428 essent
1596 3363 1940 3448 pervagati
1979 3374 2041 3426 et
2078 3360 2141 3424 in
2173 3363 2510 3427 thesauros
2549 3362 2824 3437 conditi;

325 3473 515 3558 idque
558 3476 903 3558 praecipue
946 3476 1179 3539 dictum
1223 3488 1361 3541 esto
1407 3479 1485 3539 de
1531 3474 1959 3549 Gruterianis,
2008 3477 2269 3538 duarum
2308 3474 2434 3537 iam
2480 3474 2825 3539 editionum

328 3607 451 3668 ope
496 3587 1086 3651 omnium·maxime
1128 3589 1523 3673 pervulgatis
1569 3610 1643 3652 ac
1687 3609 1807 3671 per
1849 3598 2114 3649 cunctos
2157 3586 2296 3651 fere
2326 3585 2826 3672 antiquariorum

326 3697 525 3763 libros
565 3700 853 3776 laudatis,
901 3701 1243 3783 excerptis,
1290 3680 1560 3765 rectisis.
1649 3702 1758 3764 Ex
1798 3698 2073 3763 Gruteri·
2099 3679 2300 3784 igitur
2338 3701 2637 3762 thesauro
2674 3719 2846 3781 per-·

329 3812 545 3886 multa,
584 3833 747 3896 quae
776 3834 892 3895 per
928 3834 995 3876 se
1030 3814 1203 3876 haud
1241 3809 1499 3878 omnino
1534 3812 1965 3895 displicerent,
2003 3812 2296 3875 consulto
2330 3823 2517 3896 atque
2554 3810 2826 3873 scienter

327 3924 752 4004 praetermisi,
800 3947 930 4010 quo
958 3925 1168 3989 locum
1208 3947 1530 3989 servarem
1569 3946 1791 3988 recens
1835 3924 2125 4000 effossis,
2184 3923 2303 3988 etsi
2330 3923 2592 3987 subinde
2624 3921 2826 3985 minus

320 4033 595 4097 forsitan
641 4036 870 4120 dignis,
920 4058 1078 4121 quae
1118 4037 1252 4100 aliis
1292 4036 1686 4101 Gruterianis
1722 4038 2227 4118 praeferrentur.
2320 4035 2447 4098 Sed
2480 4034 2543 4098 id
2581 4034 2825 4117 peritos

324 4146 563 4210 iudices
593 4147 760 4210 haud
792 4169 986 4232 aegre
1020 4150 1259 4213 laturos
1289 4149 1434 4212 fore
1466 4149 1745 4226 confido,
1779 4148 1889 4211 ubi
1920 4146 2288 4232 cogitat-int,
2328 4168 2516 4232 quam
2547 4146 2821 4221 difficile,

324 4279 640 4346 quamque
691 4258 1025 4322 molestum
1082 4259 1163 4323 sit
1220 4260 1560 4344 philologo
1621 4261 1683 4322 in
1744 4260 1949 4325 omnis
1995 4261 2245 4345 generis
2291 4258 2819 4343 ephemeridibus,

330 4369 693 4445 itinerariis,
745 4372 1064 4453 opusculis
1110 4371 1477 4456 antiquariis
1508 4370 1979 4457 pervestigare,
2030 4394 2193 4456 quae
2223 4394 2395 4435 suam
2430 4371 2820 4452 disciplinam

322 4500 551 4544 revera
619 4481 876 4559 iuvent,
958 4501 1162 4567 neque
1217 4484 1464 4547 inanem
1530 4486 1967 4549 tantummodo
2035 4483 2467 4548 curiositatem
2536 4494 2820 4565 pascant.

323 4593 550 4679 Itaque
597 4594 985 4679 aliquatenus
1047 4607 1237 4658 certe
1275 4595 1606 4678 provisum
1669 4596 1827 4673 erit,
1889 4608 1960 4659 ut
2018 4594 2321 4681 quidquid
2377 4594 2515 4657 fere
2573 4596 2700 4657 hoc
2758 4594 2822 4656 in

324 4727 563 4789 genere
606 4718 757 4788 pust
800 4707 1026 4770 anuum
1069 4706 1320 4771 circiter
1366 4707 1916 4773 MDCCLXXV
1958 4709 2018 4773 in
2064 4709 2269 4771 lucem
2304 4705 2569 4783 venerit,
2630 4717 2821 4789 atque

323 4819 401 4882 ad
441 4805 830 4902 antiquitatis
873 4820 1205 4884 Romanae
1251 4809 1571 4883 scientiam
1630 4820 2098 4905 percipiendam
2155 4841 2311 4883 vere
2369 4815 2714 4896 conserat,
2757 4818 2820 4880 in
