3502 5487
1092 493 1142 559 §-
1187 495 1278 547 ιο.
1358 487 1726 546 FRATRES
1766 486 2167 547 AavALEs.
2772 494 2885 551 ssa
2929 467 2936 475 ’

381 640 480 676 eae
527 620 553 680 t
605 624 901 690 Vaccam,
957 619 1116 679 Divo
1155 622 1431 697 Augusto
1475 619 1699 678 Bovem
1742 638 2003 691 marem,
2059 620 2246 693 Divae
2295 620 2322 681 11
2369 621 2677 699 Augustae
2719 620 2881 677 Vae·
2938 670 2945 677 .

287 748 301 760 ·
377 736 527 774 cam.
584 747 646 760 -
728 717 952 774 Marini
992 719 1130 770 Am·
1169 735 1230 791 p.
1262 714 1424 773 CXI.

524 852 696 909 2268.
768 847 864 903 Ex
919 845 1070 903 Tab.
1124 844 1289 903 XLI.
1352 844 1414 902 b.
1495 846 1771 904 Precatio
1833 847 2262 921 cooptationis.
2326 847 2351 903 11
2419 845 2593 919 Quod
2656 845 2882 905 bonum

373 942 634 999 faustum
688 941 831 997 felix
886 941 1246 997 fortunatum
1298 943 1654 1014 salutareque
1710 942 1789 996 sit
1845 941 2203 1016 Imperatori
2263 940 2437 998 Caes.
2490 940 2630 997 Divi
2673 941 2881 1020 Magni

373 1035 669 1094 Antonini
713 1033 868 1101 filio,
926 1034 1063 1091 Divi
1106 1032 1313 1091 Severi
1359 1033 1616 1109 Nepoti,
1674 1033 1758 1091 M.
1801 1034 2050 1091 Aurelio
2102 1034 2126 1091 11
2175 1035 2487 1091 Antonino
2532 1034 2641 1092 Pio
2685 1035 2875 1095 Felici

374 1130 532 1208 Aug.
587 1130 764 1186 Pont.
833 1128 993 1185 Max.
1046 1126 1217 1184 Trib.
1267 1127 1399 1184 Pot.
1451 1127 1729 1195 Consuli,
1797 1118 1966 1185 Patri
2010 1127 2285 1196 Patriae,
2328 1129 2751 1198 <Proconsuli,
2821 1141 2881 1188 et

375 1225 557 1282 Iuliae
598 1223 837 1280 Maesae
876 1226 1213 1300 Augustae,
1277 1223 1464 1279 Aviae
1508 1222 1765 1299 Augusti
1810 1224 2037 1289 nostri,
2095 1224 2321 1299 totique
2374 1223 2398 1279 11
2448 1223 2667 1281 Domui
2721 1223 2876 1282 divi-

377 1304 488 1376 nae
536 1337 777 1384 eorum,
831 1318 1110 1383 Senatui,
1156 1316 1502 1393 Populoque
1549 1317 1850 1383 Romano,
1895 1313 2231 1388 Quiritibus
2256 1315 2632 1383 ,Fratribus
2678 1318 2879 1375 Arva-

375 1411 563 1481 libus,
631 1410 980 1488 parentibus
1009 1454 1024 1478 ,
1091 1409 1338 1478 liberis,
1409 1408 1880 1487 coniugibusque
1927 1394 2154 1467 nostris
2182 1452 2197 1477 ,
2267 1411 2544 1468 Fratrem
2593 1412 2879 1470 Arvalem

385 1547 646 1562 ......
713 1506 1143 1581 Imperatorem
1208 1504 1379 1562 Caes.
1442 1503 1526 1561 M.
1593 1504 1890 1560 Aurelium
1953 1506 2322 1561 Antoninum
2383 1504 2557 1562 Pium
2616 1505 2878 1565 Felicem

378 1600 534 1677 Aug.
575 1598 873 1677 Collegam
907 1597 1079 1687 noblis
1112 1600 1136 1656 11
1170 1610 1517 1673 cooptamus
1550 1598 1820 1655 feliciter.
1859 1629 1919 1640 —-
1990 1598 2213 1655 Marini
2244 1602 2383 1652 Atti
2412 1610 2461 1658 1.
2501 1620 2565 1677 p.
2598 1596 2872 1665 CLXIII.

532 1734 702 1790 2269.
762 1728 912 1788 Tah.
943 1728 1174 1787 XXIII.
1257 1729 1328 1786 L.
1370 1729 1577 1788 Flavio
1618 1727 1778 1786 Silva
1819 1728 2018 1787 Nonio
2055 1728 2247 1815 Basso
2291 1731 2314 1788 11
2358 1733 2572 1788 Asinio
2610 1730 2878 1790 Pollione

381 1825 726 1895 Verrucoso
767 1823 1126 1882 Consulibus
1183 1824 1207 1881 11
1265 1824 1372 1879 111.
1415 1823 1622 1880 Nonas
1674 1823 1800 1879 Ian.
1860 1824 1886 1881 11
1941 1822 2227 1899 Magister
2280 1823 2346 1881 C.
2391 1825 2598 1882 Iunius
2648 1824 2877 1884 Tadius

381 1916 722 1985 MefitanusK
754 1917 1001 1993 Collegii
1052 1917 1331 1975 Fratrum
1390 1917 1700 1974 Arvalium
1758 1918 1997 1974 nomine
2048 1929 2186 1975 vota
2248 1921 2617 1994 nuncupavit
2675 1919 2701 1978 11
2760 1937 2877 1997 pro

380 2013 568 2069 salute
627 2012 776 2088 Imp.
836 2012 957 2069 Titi
1011 2011 1321 2079 Caesaris,
1377 2010 1518 2069 Divi
1567 2010 1734 2077 Filii,
1805 2009 2161 2087 Vespasiani
2211 2012 2367 2090 Aug.
2427 2014 2651 2089 Pontis.
2707 2013 2871 2071 Max.

379 2104 695 2164 Tribunic.
742 2116 1068 2181 potestate,
1120 2105 1396 2162 Consulis
1441 2104 1642 2172 vm..
1698 2115 1758 2161 et
1801 2104 2110 2172 Caesaris,
2169 2105 2193 2163 11
2256 2105 2396 2165 Divi
2440 2105 2609 2175 Filii,
2664 2106 2875 2166 Domi-

376 2201 525 2257 tiani
585 2199 723 2257 Cos.
785 2199 918 2256 V11.
946 2241 962 2266 ,
1039 2211 1096 2255 et
1158 2199 1339 2256 Iuliae
1398 2199 1742 2275 Augustae,
1812 2197 2286 2278 Liberorumque
2346 2219 2556 2258 eorum
2612 2202 2871 2259 victimis

379 2293 697 2350 immolatis
735 2295 811 2357 ,in
858 2292 1220 2368 Callpitolio,
1279 2311 1429 2371 quae
1484 2281 1839 2368 superioris*
1873 2295 2015 2351 anni
2058 2293 2349 2371 Magister
2392 2304 2675 2363 voverat,
2731 2314 2877 2372 per-

380 2387 589 2455 solvit,
646 2387 775 2444 Iovi
830 2386 1069 2463 Optimo
1116 2386 1377 2444 Maximo
1420 2385 1618 2444 Boves
1662 2386 1862 2444 Mares
1903 2386 2018 2456 IL,
2080 2392 2103 2446 11
2151 2387 2368 2445 Iunoni
2412 2388 2671 2466 Reginae
2715 2386 2903 2447 vac··

380 2499 483 2538 cas
531 2481 648 2548 ΙΙ..
707 2480 1012 2537 Minervae
1067 2481 1300 2538 Vaccas
1349 2480 1465 2546 11.,
1536 2478 1727 2538 Saluti
1784 2478 2056 2556 publicae
2113 2481 2345 2539 Vaccas
2404 2481 2520 2549 IL,
2591 2492 2651 2539 et
2712 2483 2777 2539 in
2845 2481 2872 2541 11

296 2620 304 2631 .
372 2578 718 2653 proximum
768 2593 989 2631 annum
1034 2575 1432 2650 nuncupavit,
1487 2585 1813 2649 praeeunte
1864 2573 1938 2631 L.
1992 2574 2277 2651 Pompeio
2322 2575 2588 2652 Vopisco
2635 2573 2702 2634 C.
2751 2575 2877 2633 Ar-

377 2670 579 2727 runtio
639 2668 922 2726 Calltellio
977 2667 1181 2726 Celere
1233 2671 1296 2724 in
1354 2687 1421 2726 ea
1466 2665 1685 2734 verba,
1742 2685 1893 2746 quae
1946 2668 2103 2725 infra
2149 2669 2377 2745 scripta
2423 2680 2580 2727 sunt.
2646 2669 2671 2728 11
2728 2669 2874 2747 Iup-
2940 2690 2941 2693 ¹

378 2766 535 2840 piter
593 2762 830 2838 Optime
889 2762 1182 2829 Maxime,
1253 2764 1316 2820 si
1361 2762 1696 2838 Imperator
1742 2763 1917 2821 Titus
1975 2763 2199 2820 Caesar
2244 2763 2651 2840 Vespasianus
2709 2764 2869 2844 Aug.

377 2859 600 2930 Pontis.
662 2856 822 2914 Max.
874 2852 1046 2913 Trili.
1094 2856 1321 2913 Potest.
1370 2856 1550 2913 Pater
1605 2857 1874 2925 Patriae,
1951 2856 1975 2914 11
2042 2869 2104 2915 et
2160 2857 2414 2924 Caesar,
2469 2858 2611 2917 Divi
2660 2858 2869 2927 Filius,

376 2953 787 3019 Domitianus,
857 2949 1006 3028 quos
1065 2969 1175 3007 nos
1223 2952 1514 3009 sentimus
1563 2951 1797 3017 dicere,
1868 2952 2103 3020 vivent,
2175 2951 2500 3031 domusque
2569 2952 2593 3010 11
2665 2969 2876 3011 eorum

376 3047 690 3106 incolumis
736 3047 852 3117 enit
894 3056 1030 3101 ante
1079 3044 1232 3102 diem
1275 3044 1383 3101 111.
1432 3043 1638 3101 Nonas
1684 3045 1852 3112 Ian.,
1922 3046 2071 3124 'quae
2122 3048 2429 3121 proximae
2476 3045 2707 3124 Populo
2752 3047 2876 3104 no-

375 3159 554 3198 mano
598 3138 958 3212 Quiritium,
1015 3136 1398 3214 Reipublicae
1447 3139 1661 3215 Populi
1704 3137 1878 3195 Rom.
1927 3139 2250 3211 Quiritium
2302 3141 2325 3198 11
2373 3151 2575 3208 erunt,
2634 3152 2694 3198 et
2737 3159 2873 3199 eum

376 3234 564 3303 diem,
634 3249 853 3309 eosque
910 3232 1108 3289 salvos
1167 3234 1506 3289 servaveris
1565 3251 1639 3288 ex
1695 3233 2013 3309 periculis,
2082 3235 2135 3289 si
2186 3253 2300 3312 qua
2354 3245 2525 3303 sunt,
2587 3235 2611 3294 11
2683 3244 2873 3300 erunt,

375 3337 512 3380 ante
574 3344 708 3383 eum
762 3326 949 3393 diem,
1017 3292 1428 3404 l'ssventmnque
1487 3324 1710 3383 bonum
1754 3328 1869 3394 ita,
1938 3328 2025 3384 uti
2068 3347 2180 3384 nos
2224 3330 2513 3385 sentimus
2560 3327 2781 3394 dicere,
2840 3327 2867 3386 11

377 3421 633 3485 dederis,
686 3439 883 3492 eosque
926 3426 987 3473 ἰη
1023 3439 1088 3473 eo
1126 3429 1320 3486 statu,
1379 3439 1495 3498 quo
1534 3439 1694 3477 nnnc
1735 3431 1908 3488 sunt,
1965 3432 2067 3478 aut
2105 3440 2175 3479 eo
2222 3422 2464 3480 meliore
2503 3422 2867 3487 servaveris,

377 3525 472 3571 ast
508 3524 574 3569 tu
621 3512 646 3570 11
693 3533 763 3566 ea
797 3520 884 3566 ita
905 3513 1107 3586 faxis,
1150 3523 1280 3567 teme
1323 3514 1428 3568 tihi
1462 3516 1690 3571 novnine
1724 3514 1970 3593 Collegii
2002 3515 2283 3573 Fratrum
2318 3515 2629 3573 Arvalium
2664 3513 2872 3572 Bubus

377 3607 643 3664 aullratis
695 3607 907 3660 duobus
948 3626 1216 3660 vovemus
1260 3626 1380 3660 esse
1419 3607 1723 3679 flaturum.
1789 3610 1813 3667 11
1869 3612 2043 3678 Iuno,
2099 3629 2239 3682 quae
2288 3611 2352 3663 in
2401 3610 2576 3662 verba
2624 3609 2752 3664 Iovi
2799 3607 2871 3663 Ο.

375 3703 462 3755 Μ.
505 3703 692 3754 Bubus
737 3703 965 3760 auratis
1009 3700 1087 3757 n.
1129 3704 1403 3758 vovimus
1450 3720 1580 3759 esse
1624 3702 1947 3769 satulli-um,
2000 3704 2152 3776 quod
2190 3683 2351 3757 hodie
2388 3709 2681 3771 vovimus,
2737 3710 2871 3758 tunc

375 3794 486 3853 tihi
541 3797 604 3852 in
662 3794 865 3854 eadem
924 3793 1108 3852 verba
1166 3795 1430 3854 nollmine
1485 3797 1750 3849 bratteam
1795 3798 2101 3850 Arvalium
2156 3798 2343 3850 Bubus
2391 3802 2616 3850 auratis
2660 3795 2873 3849 duobus

357 3883 636 3962 fovemus
673 3908 806 3947 esse
841 3890 1128 3947 futurum.
1177 3920 1238 3931 -
1321 3883 1542 3946 Marini
1582 3891 1718 3942 Atta·
1749 3897 1800 3947 1.
1843 3908 1905 3965 p.
1938 3889 2220 3948 CXXXI.

523 4027 693 4080 2270.
763 4017 914 4077 Tab.
961 4018 1223 4077 XXXII.
1273 4051 1335 4062 —
1377 4016 1574 4078 ¹Marti
1623 4019 1863 4077 Arietes
1909 4020 2218 4077 altilaneos
2255 4019 2372 4087 11.‚
2441 4020 2658 4078 Iunoni
2708 4019 2872 4078 Deae

371 4113 520 4172 Diae
585 4113 746 4171 Oves
797 4114 914 4182 11.,
995 4116 1120 4172 sive
1182 4112 1312 4171 Deo
1377 4115 1503 4170 sive
1560 4113 1721 4170 Deae
1781 4111 1941 4170 Oves
1995 4113 2111 4181 IL,
2191 4115 2216 4173 11
2292 4111 2642 4192 Virginibus
2699 4112 2873 4176 Divis

372 4207 534 4265 Oves
578 4208 696 4276 11.,
761 4207 1024 4266 Famulis
1082 4207 1253 4265 Divis
1304 4205 1606 4264 Verheces
1665 4206 1849 4273 duos,
1919 4204 2180 4266 Laribus
2232 4205 2536 4265 Verbeces
2594 4208 2779 4274 duos,
2839 4207 2865 4265 11

369 4299 551 4360 Matri
598 4300 825 4359 Larum
864 4301 1025 4359 Oves
1062 4301 1243 4368 duas,
1301 4303 1427 4360 sive
1466 4302 1594 4359 Deo
1633 4302 1761 4357 sive
1801 4301 1961 4358 Deae
1985 4343 2002 4368 ,
2056 4303 2120 4358 in
2167 4303 2337 4359 cuius
2382 4300 2563 4359 tutela
2607 4303 2703 4360 hie
2742 4300 2870 4360 Lu-

367 4414 476 4454 cus
532 4396 807 4454 Locusve
873 4396 900 4453 11
969 4405 1091 4461 est,
1162 4389 1323 4453 Oves
1363 4396 1478 4462 IL,
1548 4395 1723 4452 Fonti
1770 4394 2054 4453 verbeces
2098 4394 2215 4462 11.‚
2286 4395 2497 4453 Florae
2562 4395 2723 4453 Oves
2763 4395 2870 4463 11.‚

367 4489 587 4548 Vestae
632 4489 794 4547 Oves
819 4489 937 4555 IL,
994 4488 1209 4545 Vestae
1250 4488 1431 4546 Matri
1459 4487 1620 4546 Oves
1646 4488 1763 4555 IL,
1818 4491 1960 4546 item
2004 4489 2029 4545 11
2070 4489 2451 4557 Adolendae,
2509 4489 2874 4547 Conmolan-

369 4583 501 4653 dae,
532 4582 638 4659 (sic
664 4582 799 4657 lul.)
827 4581 1203 4639 Deferundae
1225 4580 1385 4639 Oves
1406 4582 1508 4649 11„
1541 4584 1680 4639 item
1702 4593 1838 4639 ante
1856 4577 2211 4644 Caesareum
2238 4583 2410 4646 Divis
2434 4575 2680 4642 numero
2703 4583 2871 4652 XVI.

368 4677 670 4736 Verbeces
722 4678 746 4734 11
795 4677 1120 4734 immolavit
1150 4694 1400 4735 numero
1438 4675 1605 4733 XVI.
1649 4675 1731 4734 M.
1776 4676 2083 4734 Herennio
2133 4674 2445 4743 Secundo,
2487 4677 2573 4736 M.
2616 4677 2875 4754 Egnatio

369 4774 655 4831 Postumo
714 4769 1073 4840 Consulibus
1112 4771 1218 4828 111.
1272 4771 1362 4828 Id.
1420 4771 1562 4827 Mai.
1637 4771 1662 4827 ιι
1730 4771 1801 4828 In
1857 4769 2024 4830 Luco
2076 4755 2234 4827 Deae
2274 4772 2421 4829 niae
2481 4770 2555 4845 Q.
2602 4771 2874 4829 Licinius

370 4866 575 4942 Nepos
627 4866 785 4945 Mag.
843 4868 1044 4943 operis
1093 4866 1344 4942 perfecti
1391 4884 1604 4932 causa,
1649 4864 1822 4942 ‘quod
1871 4863 2107 4923 arboris
2165 4865 2190 4921 11
2246 4867 2543 4923 eruendae
2590 4877 2648 4924 et
2693 4865 2876 4922 Aedis
