3502 5487
420 512 489 572 C.
531 511 641 570 IX.
726 511 982 569 SERVI.
1026 509 1349 570 OFFICIA
1393 509 1672 568 Domvs
1710 462 2170 570 AVGVSTAE.
2211 510 2558 571 LIBERTI.
2626 518 2735 577 515

399 643 493 701 Ad
534 644 821 719 imagines
863 648 991 701 127.
1499 642 1801 699 Atriensis‘
1835 646 1964 705 128.

396 736 493 794 Ab
532 736 870 812 supelectile
897 733 1026 811 (sic)
1059 740 1187 796 129.
1491 735 1707 793 Custos
1739 734 1979 792 Ration.
2017 734 2373 795 Patriinonii
2411 743 2539 800 131.

399 831 495 887 Ad
531 832 944 906 possessiones
986 833 1116 889 132.
1333 880 1338 885 .
1506 828 1896 885 Numularius
1938 827 2067 889 134.

399 925 628 982 Cursor
669 926 793 983 144.
1511 921 1787 995 Lyristes
1830 926 1958 981 140.

392 1017 722 1075 Insularius
762 1020 893 1075 191.
1505 1016 1601 1071 Ex
1647 1016 1881 1072 horreis
1920 1014 2301 1075 Petronianis
2340 1014 2486 1073 Dec.
2525 1020 2656 1079 190.

395 1112 493 1170 Ad
533 1120 843 1186 argeutum
884 1112 1012 1169 199.
1505 1107 1789 1165 Structor
1828 1114 1961 1168 200.

391 1205 687 1261 Invitator
724 1209 855 1261 202.
1501 1201 1798 1258 Turarius
1844 1207 1974 1262 205.

393 1296 740 1373 opsonator
779 1295 934 1353 Mur.
982 1298 1127 1363 911,
1168 1300 1225 1357 5.
1510 1293 1845 1353 vestiarius
1884 1302 2016 1359 2..8.

277 1427 356 1503 B)
408 1429 691 1485 Feminae
714 1447 732 1482 ε
1349 1433 1388 1453 ‘⁴

390 1521 777 1580 Sarcinatrix
817 1526 907 1582 28.
1508 1517 1838 1595 Pedisequa
1876 1525 1970 1582 58.

397 1615 698 1672 Ornatrix
738 1619 830 1671 57.
1507 1611 1768 1670 Decurio
1807 1613 2047 1670 femina.
2082 1615 2176 1677 68.

396 1708 498 1767 Ad
537 1718 760 1763 vestem
802 1711 892 1767 73.
1511 1704 1771 1762 Vnctrix
1812 1713 1903 1767 78.

398 1802 500 1859 Ad
538 1800 1027 1856 valetudinarium
1062 1805 1154 1859 77.
1182 1818 1236 1857 c.
1507 1796 1796 1873 Capsaria
1835 1807 1929 1860 80.

396 1892 677 1951 Libraria
717 1891 774 1969 (a
801 1892 971 1967 libra)
1013 1904 1142 1952 100.
1257 1880 1266 1891 ’
1501 1892 1799 1948 Antoniae
1839 1891 2023 1949 Drusi
2062 1892 2286 1948 nutrix.

275 2026 351 2101 C)
407 2024 520 2081 His
562 2043 593 2079 e
632 2022 829 2080 tabula
871 2025 1176 2081 Antiatina
1231 2023 1384 2080 edita
1438 2043 1471 2079 a
1525 2023 1742 2099 Vulpio
1794 2041 1863 2080 ac
1915 2021 2271 2079 Bianchinio
2323 2032 2384 2080 et
2430 2023 2739 2100 utriusque

401 2120 827 2174 commentario
865 2119 1184 2175 coniuncto
1225 2137 1260 2174 a
1301 2118 1538 2176 Guasco
1578 2116 1654 2172 T.
1697 2123 1753 2172 2.
1796 2135 1857 2191 p.
1904 2120 2031 2178 149.
2074 2135 2239 2195 seqq.
2263 2136 2282 2173 z

401 2213 725 2286 Topiarius
802 2220 808 2235 ·
1519 2208 1882 2267 Subvilicus.

404 2305 462 2361 A
500 2302 853 2362 bibliotheca
1167 2320 1179 2345 ³
1512 2305 1755 2360 Tector.

403 2397 791 2473 Specularius
1517 2397 2016 2454 PaviiuentariuS.

406 2490 755 2566 Sphaerista
1512 2488 1903 2546 Iuscularius.

405 2584 762 2660 Togularius
1503 2584 1914 2641 Thermai-ius.

275 2716 361 2792 D)
418 2713 467 2771 E
508 2714 862 2772 Bianchinio
900 2714 1220 2773 accedunt:

405 2810 465 2866 A
491 2806 844 2865 bibliotheca
874 2809 1104 2865 Graeca
1132 2809 1401 2866 Palatina
1518 2811 1575 2867 A
1615 2810 1905 2867 sacrario.

405 2903 465 2959 A
490 2900 841 2959 bibliotheca
873 2904 1083 2959 Latina
1112 2902 1405 2978 Apollinis
1524 2904 1578 2960 A
1617 2903 1764 2960 lano
1804 2902 1877 2958 ab
1916 2902 2113 2959 Atrio.

404 2994 503 3053 Ab
535 2997 801 3071 epistolis
837 2996 1084 3054 Graecis
1119 2995 1318 3054 scriba
1518 2997 1574 3053 A
1615 2995 1852 3076 tabulis.

407 3128 466 3184 A
496 3125 669 3183 inu-is
707 3125 1158 3184 Pontfficamms
1515 3090 1570 3146 Α
1612 3089 1963 3195 Ωονίιξῑὶιξῑεῑ

405 3219 526 3290 (Ad
551 3219 736 3277 libros
755 3220 902 3278 Gor.
919 3222 1048 3278 Etr.
1071 3233 1127 3289 1,
1152 3228 1280 3291 137,
1316 3219 1440 3295 24.)
1520 3182 1984 3242 Corinthiarius.

1518 3278 1577 3334 A
1612 3279 1876 3353 potione.

410 3369 464 3425 A
502 3379 663 3424 veste
702 3373 942 3445 magna.
1513 3370 1611 3428 Ad
1650 3381 1962 3446 argentum
1998 3370 2317 3447 potorium.

418 3461 515 3517 Ad
553 3474 935 3537 unguentum.
1333 3491 1340 3516 ι
1520 3464 1798 3522 Adiutor.

411 3553 753 3610 Balneator.
1520 3558 1915 3617 Lecticarius.

414 3647 809 3703 ministrator.
1517 3651 1964 3710 Nomenclator.

417 3739 705 3796 Ornator.
1029 3777 1030 3780 =
1523 3742 1794 3804 Ornator
1834 3742 2197 3822 glabrorum.

414 3833 706 3908 Princeps
749 3832 945 3891 tabell.
1527 3836 1906 3895 Sarcinator.

416 3925 810 3983 Tabellaria&
1522 3929 1729 3988 Sutor.
2020 3993 2026 4000 ,

413 4020 470 4076 A
506 4018 742 4077 tabulis.
1538 4023 2002 4082 Tricliniaroha.

417 4113 754 4171 vernarum
789 4113 1068 4198 sdecurio.
1523 4116 1906 4192 VestiplicuS.

418 4206 474 4262 A
512 4208 700 4264 tutulo
736 4212 1031 4266 ornatrix.
1527 4210 1783 4268 Medica.

261 4317 390 4377 Sed
443 4318 587 4374 haec
640 4318 968 4389 sufficiant;
1035 4322 1338 4397 complui-a
1393 4334 1706 4399 praeterea
1758 4301 2045 4379 eiusmodl
2096 4319 2330 4387 officia,
2404 4321 2754 4397 posterioris

261 4413 394 4468 fei-e
432 4414 641 4467 aetatis
681 4424 817 4487 post
855 4412 1197 4480 Tiberium,
1254 4418 1374 4491 peti
1423 4428 1681 4492 possunt
1733 4418 1967 4493 magnis
2009 4434 2042 4471 e
2081 4412 2548 4478 collectionibus.
2629 4414 2755 4472 cfr.

263 4507 445 4562 etiam
485 4505 756 4563 Visconti
793 4507 975 4579 Opere
1014 4519 1068 4566 1.
1109 4516 1342 4583 p.·182.

416 4635 472 4691 A
502 4634 910 4703 LIBERTIS,
953 4636 1026 4692 ad
1069 4656 1216 4714 quos
1259 4641 1376 4695 iani
1413 4641 1874 4716 progredimur,
1916 4640 2190 4726 proxime
2230 4635 2448 4697 absunt
2481 4649 2608 4697 tuin
2632 4636 2760 4697 ΙΜ-

263 4727 580 4799 MVNES,
618 4740 743 4786 tum
783 4732 855 4798 ii,
899 4728 1111 4808 quibus
1152 4730 1397 4789 libertas
1439 4738 1844 4809 promittitur:

418 4864 587 4919 2975.
645 4858 1079 4926 TYRANNVS
1121 4862 1413 4921 VERNA.
1462 4864 1646 4922 TAB.
1690 4864 2156 4923 APPARITOR
2200 4864 2225 4923 u
2271 4861 2575 4923 SACRIS.
2608 4858 2760 4918 OM·

356 4979 528 5020 Coum.
554 4981 754 5035 Inscripti.
786 4982 876 5021 vol.
901 4982 933 5021 Ι.
2172 4959 2251 5018 33
