3502 5487
642 472 757 530 840
1031 405 1044 424 ⁶
1376 459 1446 519 C.
1481 460 1586 519 lv.
1666 460 1781 518 DII
1832 457 2392 518 rMMOR'rALES.

799 1006 969 1063 1642.

646 2120 813 2180 Inter
852 2121 1069 2181 Marm.
1113 2123 1407 2182 Arundel.
1466 2124 1708 2182 Reines.
1750 2145 1814 2201 p.
1855 2131 1998 2194 149,
2046 2133 2175 2188 108.

796 2258 966 2319 1615.
1026 2254 1377 2314 SILVANE
1419 2254 1687 2314 SACRA
1727 2254 2183 2317 SEMICLVSE
2223 2255 2589 2315 FRAXINO
2610 2257 2659 2334 ¹)

1021 2349 1129 2408 ΕΤ
1172 2349 1414 2408 HVIVS
1455 2351 1651 2408 ALTI
1692 2350 1977 2409 SVMME
2021 2351 2338 2410 CVSTOS
2373 2350 2741 2411 HORTVLI

1024 2444 1192 2503 ΤῙΒῙ
1231 2443 1495 2502 HASCE
1538 2444 1856 2503 GRATES
1898 2445 2370 2504 DEDICAMVS
2412 2443 2793 2506 MAXIMAS
2813 2444 2865 2519 2)

1021 2538 1246 2612 QVOD
1287 2537 1448 2597 NOS
1490 2538 1644 2596 PER
1685 2540 1907 2597 ARVA
1946 2540 2215 2613 PERQV
2220 2541 2268 2597 E
2310 2539 2623 2597 MONTIS
2665 2533 3010 2596 ALPICOS

1022 2632 1326 2705 TVIQVE
1369 2632 1557 2691 LVCI
1598 2632 2220 2692 SVAVEOLENTIS
2263 2632 2663 2691 HOSPITES

1021 2726 1200 2784 DVM
1239 2725 1371 2784 IVS
1415 2726 1798 2786 GVBERNO
1840 2727 2175 2801 REMQVE
2215 2726 2547 2787 FVNGOR
2594 2723 3035 2786 CAESARVM

1023 2820 1189 2878 TVO
1228 2820 1275 2877 F
1280 2821 1553 2880 AVORE
1589 2822 2163 2891 ¹PROSPERANTI
2204 2820 2619 2880 SOSPITAS.

1026 2914 1137 2971 TV
1175 2914 1291 2971 ME
1331 2914 1717 2989 MEOSQVE
1759 2916 2127 2974 REDVCES
2169 2915 2465 2974 ROMAM
2508 2915 2832 2973 SISTITO

1016 3006 1299 3080 DAQVE
1340 3009 1593 3066 ITALA
1633 3009 1852 3067 RVRA
1895 3010 1998 3067 TE
2042 3010 2426 3070 COLAMVS
2466 3008 2867 3067 PRAESIDE

1023 3100 1190 3159 EGO
1232 3102 1380 3159 IAM
1419 3103 1720 3162 DICABO
1763 3103 2014 3161 MILLE
2056 3103 2396 3163 MAGNAS
2438 3102 2836 3161 ARBORES.

1024 3194 1099 3253 T.
1145 3178 1518 3254 ΡΟΜΡΟΝῙ
1559 3197 1943 3256 VICTORIS
1983 3186 2193 3256 PROC
2240 3199 2264 3255 ΙΙ
2309 3197 2658 3256 AVGVST.
2702 3229 2781 3241 —

650 3288 923 3346 Aximae.
985 3286 1273 3364 (Aixme.)
1348 3289 1515 3367 Spon
1559 3294 1735 3347 Misc.
1775 3296 1881 3360 84,
1932 3300 1986 3349 2.
2068 3290 2335 3349 Fabrett.
2396 3312 2457 3367 p.
2502 3300 2643 3359 250,
2700 3295 2831 3351 607.
2903 3289 3154 3346 Galeani

649 3371 921 3458 Napione
960 3385 1009 3435 il
1046 3385 1315 3437 Sacrario
1365 3389 1672 3455 gentilesco
1723 3387 2036 3440 illustt‘ato.
2116 3389 2385 3441 Giornalo
2426 3382 2641 3440 Arcad.
2689 3390 2855 3447 1825.
2913 3403 2975 3460 p.
3015 3389 3149 3446 319.

726 3480 774 3537 1)
811 3483 865 3528 in
886 3479 1116 3543 fraxino
1152 3484 1353 3532 Galeani
1392 3486 1513 3543 Nap.
1590 3483 1642 3542 2)
1679 3486 1906 3533 musicae
1943 3489 2090 3544 Spon.

803 3606 970 3663 1612.
1027 3601 1436 3669 ⁴¹leva
1478 3603 1804 3663 SANCTO
1851 3606 1874 3663 ΙΙ
1919 3605 2166 3663 PATRI
2204 3604 2311 3663 ET
2352 3602 2705 3665 CVSTODI
2752 3610 2776 3663 ΙΙ
2821 3603 3152 3662 PECVDI-

649 3695 882 3754 FERO.
925 3696 1387 3757 LACTIFERO
1436 3699 1460 3757 ΙΙ
1507 3698 2056 3759 GLANDIFERO.
2099 3700 2516 3758 POMIFERO
2562 3700 2586 3757 ΙΙ
2659 3698 3155 3757 CANNABIFE-

649 3788 780 3848 Ro.
825 3788 1205 3848 LINIFERO
1252 3794 1275 3850 ΙΙ
1322 3791 1396 3865 Q.
1443 3788 1801 3852 ZOSIMVS
1845 3794 1918 3866 Q.
1951 3794 2022 3850 L.
2065 3794 2463 3851 TERTVLL.
2508 3791 3152 3851 GRAMMATICVSn

649 3882 724 3940 L.
770 3884 1110 3943 SERGIVS
1149 3885 1222 3942 L.
1265 3885 1339 3943 L.
1384 3886 1748 3946 CIPARISS
1812 3888 1835 3946 11
1900 3888 2230 3946 MENSOR
2288 3889 2311 3947 ΙΙ
2370 3889 2437 3946 C.
2494 3885 2924 3945 PAETILIVS
2967 3884 3034 3943 C.
3077 3885 3151 3942 L.

653 3975 977 4034 STRABO
1020 3958 1456 4038 dAELATOR
1504 3982 1527 4039 ΙΙ
1574 3982 1641 4039 C.
1685 3982 1948 4040 RVFVS
1990 3984 2057 4040 C.
2103 3984 2175 4040 L.
2221 3982 2582 4051 CHARITJO
2642 3982 2666 4038 ΙΙ
2729 3977 3080 4038 MVSICVS
3124 3980 3154 4035 Ι

651 4070 764 4128 Ex
804 4072 1027 4130 VOTO
1067 4073 1137 4129 F.
1179 4075 1248 4131 F.
1287 4105 1349 4118 -
1429 4074 1500 4132 In
1528 4075 1682 4133 Villa
1721 4076 2100 4148 Quat-tesana
2133 4080 2264 4154 agri
2298 4077 2729 4133 Fet-rariensis.
2778 4074 2936 4132 Mur.
2970 4080 3060 4139 70,
3083 4074 3144 4131 6.

649 4164 889 4222 Rau-itas
930 4177 989 4222 et
1026 4169 1197 4242 copia
1235 4169 1546 4229 titulorum
1586 4168 1834 4228 Silvano
1874 4170 2151 4229 datorum
2183 4191 2305 4228 nou
2337 4168 2527 4231 officit
2562 4171 2800 4226 veritati
2837 4167 3158 4226 mannetis

614 4267 626 4287 “
651 4260 825 4323 huius
856 4280 887 4315 a
915 4259 1262 4319 Baruffaldo
1301 4274 1360 4319 et
1397 4283 1428 4320 a
1468 4264 1667 4322 Turre
1701 4268 1988 4341 spectati,
2033 4284 2102 4323 ac
2136 4284 2249 4340 pro
2290 4267 2549 4342 genuino
2576 4256 2784 4334 habiti,
2816 4273 2963 4320 teste
2991 4260 3153 4318 Mur.

651 4352 927 4409 metm.
989 4353 1139 4412 Mss.
1249 4354 1527 4414 Ceterum
1592 4361 1812 4416 mirum
1867 4379 2101 4436 quoque
2159 4358 2303 4416 illud
2360 4359 2701 4416 sodalitium
2758 4356 3149 4434 grammatici,

651 4450 980 4514 mensoris,
1037 4449 1386 4518 caelatoris,
1441 4454 1675 4509 musici.
1715 4454 1724 4461 ’
1759 4454 1849 4510 Ita
1898 4453 2103 4511 ludere
2154 4452 2430 4511 solebant
2473 4454 2606 4510 Viri
2652 4452 2815 4510 docti
2854 4469 2975 4507 sec.
3017 4448 3157 4508 XV.

651 4551 713 4598 et
741 4541 906 4599 XVI.
946 4543 1114 4600 Nihil
1141 4540 1380 4602 definio.
1425 4543 1548 4603 Sed
1584 4550 1792 4622 spuria
1821 4546 2136 4606 videbatur
2164 4550 2343 4604 etiam
2368 4545 2610 4604 Maffeio
2640 4547 2715 4603 Α.
2739 4545 2808 4603 C.
2836 4544 2909 4619 L.
2940 4563 3001 4620 p.
3025 4547 3155 4602 214.

803 4678 970 4732 1515.
1034 4674 1314 4731 EXTRA
1352 4673 1517 4733 HOC
1559 4677 1815 4735 LIMEN
1856 4678 2196 4752 ALIQVID
2239 4678 2345 4734 DE
2400 4676 2663 4735 SACRO
2738 4677 2762 4735 ΙΙ
2832 4674 2961 4732 Sll.
2965 4672 3165 4731 VANI

650 4766 1014 4824 EFFERRE
1071 4765 1225 4825 FAS
1281 4768 1455 4828 NON
1511 4769 1687 4829 EST.
1737 4803 1799 4816 -
1903 4773 2142 4829 Guasco
2198 4774 2490 4844 Imcriptt.
2538 4773 2779 4843 Capitol.
2839 4768 2915 4828 Τ.
2954 4773 3020 4839 1,
3060 4771 3159 4829 ³5.

653 4860 924 4920 Mox-colli
972 4862 1060 4917 St.
1100 4870 1155 4920 2.
1198 4882 1258 4938 p.
1289 4868 1385 4924 35.
