3502 5487
1173 526 1720 586 EPIGRAPHICA
1760 525 1929 583 XIII.
2432 580 2446 587 ,
2517 609 2532 617 ἐ
2693 527 2804 585 561

321 671 712 721 concionatum
770 665 1102 733 antiquariis
1157 660 1416 714 omnibus
1474 658 1769 713 admodum
1817 657 2012 711 utilem
2061 654 2181 711 fore
2232 654 2302 710 ad
2350 654 2571 711 easdem
2609 660 2811 710 iuscri-

318 766 528 835 ptiones
595 762 833 812 invicem
888 753 1272 808 conferendas.
1357 756 1425 807 At
1487 758 1545 806 in
1603 768 1755 807 tanta
1810 751 2101 804 literarum
2159 750 2280 804 luce
2334 754 2422 803 vix
2470 751 2607 804 baec
2641 748 2809 804 hodie

241 850 248 865 ⁸
315 850 612 908 sufficiunt.
706 851 940 915 Nonne,
1008 864 1063 901 te
1133 846 1356 915 iudice,
1435 850 1607 899 satius
1677 844 1861 912 ioret,
1937 848 2114 897 varias
2170 842 2442 897 lectiones
2500 846 2810 897 annotare?

315 951 510 1000 vitiosa
572 945 729 1011 loca,
786 941 1161 1015 interpolata?
1226 945 1287 993 in
1338 955 1426 994 eas
1478 938 1773 999 doctorum
1823 943 2068 990 virorum
2121 936 2551 1004 illustrationes,
2608 954 2663 992 et
2717 955 2811 990 ex·

313 1039 681 1113 plicationes?
741 1034 915 1089 malas
967 1033 1260 1087 verborum
1301 1048 1392 1085 aut
1448 1032 1707 1105 siglarum
1748 1032 2272 1104 interpretationes?
2333 1048 2465 1083 num
2521 1028 2811 1089 mutilatae

312 1132 395 1186 vel
437 1137 680 1204 integrae
720 1131 872 1183 sint?
916 1143 1051 1180 num
1085 1131 1320 1199 spuriae,
1362 1142 1491 1178 num
1534 1124 1750 1193 dubiae,
1791 1132 1883 1176 aut
1922 1126 2397 1217 genuinae7-num
2436 1127 2556 1196 quis
2595 1129 2813 1197 perico-

311 1244 418 1300 pen
456 1228 790 1297 excerpserit
832 1220 899 1273 ad
943 1220 1175 1273 alicuius
1218 1223 1462 1271 auctoris
1507 1218 1974 1271 illustrationem?
2011 1234 2143 1268 num
2178 1215 2233 1269 id
2278 1235 2447 1290 genus
2488 1217 2633 1271 alia?
2671 1233 2810 1289 quas

309 1324 496 1373 omnia
548 1330 699 1370 nunc
752 1331 890 1389 paro
943 1327 1000 1367 et
1048 1317 1251 1386 partim
1295 1317 1351 1364 in
1397 1310 1704 1364 adversaria
1745 1317 1859 1363 iam
1899 1309 2072 1364 relata
2111 1309 2306 1364 babeo.
2383 1311 2582 1366 Nonne
2625 1325 2679 1364 te
2716 1309 2811 1364 de·-

311 1411 654 1476 sraudarem,
718 1412 766 1461 si
818 1406 1171 1461 doctissimas
1220 1403 1632 1457 lucubrationes
1687 1419 1809 1457 tuas
1866 1409 1924 1457 in
1976 1409 2368 1476 inscriptiones
2421 1420 2451 1456 a
2496 1404 2811 1459 Muratorio

295 1498 391 1561 *vel
433 1504 504 1558 ab
546 1502 669 1554 aliis
711 1502 952 1575 prolatas
993 1514 1087 1552 aut
1125 1516 1240 1551 non
1278 1496 1618 1564 indicarem,
1669 1498 1753 1551 vel
1793 1514 2014 1570 prorsus
2062 1500 2410 1552 omitterem?
2471 1498 2599 1551 Uno
2645 1497 2812 1577 verbo

309 1597 531 1663 dicam,
573 1596 712 1647 mibi
758 1600 816 1647 in
856 1597 1045 1646 animo
1083 1596 1204 1658 est?
1239 1606 1593 1662 quaecunque
1637 1607 1667 1642 a
1709 1590 1893 1644 doctis
1938 1596 2069 1644 viris
2110 1595 2169 1643 iu
2211 1608 2565 1663 quoscunque
2602 1591 2815 1665 lapidea

312 1704 579 1746 annotata
620 1686 800 1755 fuere,
851 1687 1118 1739 lectorem
1161 1703 1416 1747 monere;
1471 1700 1524 1738 et
1565 1684 1672 1736 alia
1716 1690 1942 1758 insuper
1981 1684 2310 1758 adiungere,
2361 1701 2498 1757 quae
2536 1692 2813 1758 genuinae

309 1764 804 1839 monumentorum
847 1784 1290 1853 interpretationi
1339 1782 1600 1831 inservire
1638 1793 1905 1850 possunt,
1959 1792 2012 1831 et
2068 1793 2097 1829 a
2152 1776 2287 1831 falsa
2345 1795 2608 1836 avertere.
2682 1783 2813 1835 Dis-

311 1874 711 1933 sertationibus
766 1889 948 1926 autem
998 1872 1164 1926 nullis
1213 1888 1368 1939 utar,
1429 1869 1688 1924 brevibus
1744 1871 1922 1924 solum
1984 1872 2434 1925 annotationibus
2494 1888 2812 1944 contentus,

310 1989 427 2027 rem
468 1985 641 2024 totam
685 1965 996 2041 expediam;
1060 1982 1149 2031 et,
1187 1971 1247 2019 ni
1286 1965 1444 2018 libris
1485 1965 1738 2038 plurimis
1782 1963 1961 2017 adhuc
2001 1981 2282 2032 carerem,
2339 1966 2424 2019 vel
2464 1984 2599 2040 opus
2640 1974 2813 2022 inter-

314 2069 624 2129 misissem,
688 2062 1028 2114 alienissima
1073 2058 1253 2113 studia
1292 2075 1654 2126 consecutuS,
1713 2064 2002 2131 negotium
2047 2056 2234 2112 forsan
2286 2077 2426 2113 esset
2468 2059 2809 2119 confectum,

308 2158 487 2212 Porro
527 2174 694 2228 quum
732 2155 801 2206 ab
844 2155 932 2207 his
971 2170 1121 2206 nunc
1160 2159 1265 2206 sim
1308 2153 1469 2226 plane
1504 2152 1647 2205 liber
1684 2168 1737 2205 et
1780 2158 1897 2205 otio
1936 2151 2119 2219 fruar,
2158 2170 2259 2226 pro
2293 2155 2499 2209 viribus
2540 2171 2712 2227 agam,
2750 2174 2813 2211 ut

310 2250 486 2304 indici
540 2267 668 2302 meo
720 2248 881 2301 finem
920 2253 1233 2320 imponam:
1296 2244 1433 2305 faxit
1484 2245 1553 2298 D.
1602 2247 1674 2300 Ο.
1719 2246 1838 2310 M.,
1890 2262 1952 2298 ut
1990 2263 2249 2319 prospera
2290 2246 2600 2301 valetudine
2640 2247 2813 2318 fruar,

308 2361 455 2416 quae
509 2345 648 2396 mihi
705 2357 893 2395 tamen
944 2344 1266 2413 saepissime
1320 2339 1616 2393 imbecilla.
1736 2339 1865 2392 ¹.aud
1918 2338 2174 2409 equidem
2224 2339 2496 2409 diffiteor,
2558 2348 2690 2413 quin
2737 2349 2810 2397 sit

309 2455 452 2511 opus
494 2442 797 2489 immensae
849 2435 1049 2500 molis,
1112 2431 1614 2504 difficillimumque
1664 2435 2028 2504 praegrande
2076 2437 2308 2486 volvere
2360 2453 2593 2488 saxum:
2657 2451 2712 2490 at
2762 2443 2811 2491 si

309 2530 524 2586 tardius
577 2528 635 2582 id
687 2533 746 2581 in
798 2527 978 2581 lucem
1030 2532 1314 2593 emittam,
1379 2525 1512 2599 quid
1567 2526 1694 2580 inde
1746 2525 1972 2580 damni?
2034 2528 2226 2581 utilius
2266 2528 2515 2601 profecto
2558 2535 2700 2597 erit,
2762 2535 2811 2585 si

309 2623 629 2677 differatur:
678 2637 762 2675 sat
802 2626 952 2689 cito,
996 2625 1042 2672 si
1086 2636 1169 2673 sat
1212 2620 1369 2673 bene.
1447 2620 1611 2689 Quod
1650 2620 2147 2674 laboriosissimum
2188 2639 2341 2691 erat,
2381 2640 2581 2697 nempe
2623 2640 2814 2678 aucto-

309 2734 438 2773 rum
479 2720 731 2770 omnium
768 2715 891 2768 loca
930 2719 1228 2784 unicuique
1267 2718 1621 2787 inscriptioni
1663 2713 2025 2787 subiungere,
2067 2720 2179 2769 iam
2220 2714 2536 2771 confectum
2574 2734 2688 2774 estt
2744 2737 2813 2800 ex

310 2816 421 2877 iis,
472 2825 611 2882 quae
666 2826 908 2877 restant,
958 2815 1182 2862 tametsi
1232 2807 1604 2883 periculosum
1643 2812 1931 2881 negotium
1983 2823 2037 2862 et
2088 2810 2236 2864 aleae
2289 2811 2543 2885 plenum,
2598 2819 2814 2886 experi-

306 2920 564 2959 mentum
603 2902 832 2966 faciam3
898 2918 952 2956 et
993 2921 1159 2973 quum
1197 2901 1264 2954 ad
1303 2903 1463 2954 finem
1506 2918 1622 2956 tota
1668 2920 1753 2955 res
1805 2901 2070 2976 perducta
2111 2909 2248 2972 erit,
2309 2903 2510 2960 librum
2560 2923 2812 2961 nostrum

306 3004 559 3054 virorum
608 2996 901 3050 doctorum
953 2994 1197 3062 iudicio,
1259 2981 1353 3050 t'uo
1405 3000 1723 3069 praesertim
1770 3002 2121 3069 permittam·
2187 3003 2251 3052 si
2278 2999 2545 3071 probant,
2601 3000 2814 3069 edetur,

305 3097 403 3147 sin
456 3106 643 3145 autem
693 3090 935 3145 carbone
983 3089 1286 3156 notabunt,
1351 3107 1615 3163 perpetuo
1666 3089 2036 3145 damnabitur.
2112 3092 2197 3144 Tu
2247 3098 2512 3161 interim,
2573 3098 2620 3148 si
2677 3092 2811 3165 quid

302 3201 472 3260 potes
512 3190 707 3258 (potes
745 3199 930 3237 autem
974 3199 1138 3256 quam
1178 3189 1488 3251 maxime),
1546 3183 1839 3237 conatibus
1885 3189 2090 3236 nostris
2137 3183 2293 3252 fave,
2352 3202 2407 3241 et
2453 3204 2811 3260 quaecunque

301 3296 536 3353 promes
591 3297 658 3332 ex
719 3277 1043 3333 adversariis
1104 3283 1214 3332 tuis
1266 3275 1333 3329 ad
1378 3295 1490 3329 rem
1539 3292 1792 3330 nostram
1844 3267 2136 3342 facientia,
2200 3284 2247 3333 si
2291 3297 2514 3334 mecum
2565 3300 2814 3338 commu-

300 3377 501 3439 nices,
540 3370 1001 3426 iucundissimum
1040 3376 1178 3439 erit,
1225 3370 1543 3443 debitasque
1584 3388 1765 3443 grates
1811 3370 1912 3424 tibi
1952 3369 2203 3444 referam.

466 3465 728 3518 Pocockii
787 3470 1176 3540 inscriptiones
1234 3470 1486 3538 antiquas
1544 3465 1715 3518 anno
1742 3463 2064 3522 1752.s01.
2127 3465 2301 3521 editas
2353 3465 2597 3524 nondum
2649 3475 2811 3537 novi·

303 3555 560 3624 curabo,
611 3573 672 3611 ut
723 3559 988 3612 habeam:
1054 3559 1278 3613 titulum
1331 3559 1666 3631 descriptum
1719 3571 1883 3630 rogo·.
1942 3559 2025 3634 vel
2070 3560 2320 3614 Gesnero
2364 3577 2588 3630 nostro,
2645 3582 2812 3637 quem

302 3652 458 3707 bene
511 3649 688 3704 valere
742 3652 936 3718 iubeo,
997 3652 1213 3718 tradas,
1278 3658 1372 3726 qui
1429 3670 1647 3705 mecum
1700 3653 2157 3707 communicabit.
2236 3655 2451 3708 Mirum
2500 3654 2648 3710 haud
2692 3675 2811 3713 esse

304 3745 424 3800 tibi
450 3713 665 3810 ddebet,
704 3744 1023 3798 Corsinium
1062 3744 1263 3798 librum
1304 3746 1451 3798 hunc
1491 3747 1556 3800 ad
1601 3763 1798 3800 manus
1839 3765 1951 3799 non
1991 3747 2282 3816 habuisse,
2333 3755 2594 3821 quoniam
2636 3751 2812 3806 multa

306 3838 485 3893 docta
523 3838 798 3891 volumina
842 3844 899 3891 in
940 3838 1103 3891 ltalia
1140 3836 1318 3891 adhuc
1358 3838 1754 3894 desiderantur.
1809 3842 2105 3895 Maittairii
2146 3842 2429 3896 Marmora
2473 3843 2813 3900 Oxonicnsia

306 3946 604 4003 nunquam
656 3930 900 3998 viderat,
977 3948 1266 4004 antequam
1319 3932 1468 4004 Scip.
1509 3933 1770 3986 Maffeius
1825 3933 1904 3986 illi
1961 3934 2386 3992 commodasset.
2465 3938 2629 3993 Nunc
2684 3957 2815 3994 vero

307 4023 504 4080 ordini
564 4041 665 4088 suo
724 4031 1067 4099 praepositus
1127 4031 1295 4079 vitam
1352 4028 1553 4080 Romae
1613 4024 1794 4098 degit,
1858 4043 1911 4081 et
1969 4028 2126 4082 libris
2178 4030 2431 4084 omnibus
2486 4029 2693 4088 affluit:
2756 4048 2815 4089 at

304 4135 539 4184 vereor,
618 4137 685 4171 ne
750 4119 823 4171 ob
889 4125 1240 4193 negotiorum
1300 4119 1711 4184 multitudinem
1788 4125 2214 4194 inscriptionum
2285 4126 2590 4192 volumine,
2665 4125 2813 4199 quod

308 4215 690 4284 promiserat,
730 4212 907 4266 adhuc
949 4231 1132 4268 carere
1172 4231 1455 4288 cogamur.
1537 4216 1603 4267 In
1642 4217 1900 4287 Ins-cripe.
1944 4205 2120 4271 Attio.
2161 4218 2329 4272 xm.
2375 4236 2499 4292 pag.
2525 4223 2655 4284 62„
2698 4225 2817 4295 ipse

303 4305 453 4374 legit
492 4321 604 4357 non
644 4306 965 4358 TARCARI
1007 4322 1068 4361 ut
1110 4307 1212 4360 tibi
1251 4308 1499 4373 videtur,
1535 4307 1630 4360 sed
1665 4310 1765 4362 JAE
1804 4310 2070 4366 ARCAm
2114 4316 2153 4364 i.
2181 4330 2227 4364 e.
2267 4313 2366 4365 ET
2406 4313 2696 4380 niteam,
2735 4319 2813 4368 ita

302 4412 375 4448 ut
416 4397 634 4467 Sagaris
690 4396 857 4451 fuerit
897 4400 1185 4453 Amiantbi
1226 4403 1362 4474 Aug.
1403 4418 1587 4454 servus
1626 4418 1822 4468 verna,
1868 4420 1922 4455 et
1965 4405 2174 4457 Arcarii
2218 4410 2530 4477 provinciae
2570 4408 2813 4461 Achaiae

299 4490 649 4562 vicarius.*)
726 4493 799 4545 At
858 4508 1008 4546 recte
1066 4510 1262 4547 contra
1320 4514 1446 4548 eum
1486 4512 1716 4562 censes,
1782 4498 2079 4549 Ascanium
2120 4496 2289 4552 fuisse
2327 4500 2651 4567 Philoxeni,
2716 4504 2808 4557 Tt.

299 4580 529 4642 Claudii
573 4585 826 4640 Caesaris
868 4590 1047 4651 servi,
1102 4592 1368 4642 vicarium
1405 4592 1723 4654 Arcarium,
1783 4606 1842 4642 ut
1888 4594 1996 4644 iam
2051 4595 2107 4644 in
2146 4592 2329 4666 Epist.
2373 4594 2562 4667 Epigr.
2602 4595 2816 4662 dixisti,

298 4694 370 4733 et
439 4677 642 4730 malam
712 4683 1228 4753 interpretationem
1296 4681 1458 4736 buius
1530 4687 1944 4755 inscriptionis,
2011 4701 2150 4757 quae
2223 4686 2565 4760 Scaligerum
2631 4694 2814 4758 torsit,

297 4769 663 4844 redarguisti.
957 4753 962 4760 ι

452 4912 490 4966 ’)
527 4913 921 4968 inscriptionem,
961 4913 1018 4970 de
1057 4926 1147 4971 qua
1183 4913 1422 4969 loquitur,
1464 4912 1569 4958 vide
1606 4916 1652 4959 in
1693 4914 1861 4971 Capito
1898 4912 1958 4958 ds
1995 4917 2176 4961 servis.
2226 4916 2287 4962 N.
2329 4915 2482 4964 282¹.
