<?xml version="1.0" encoding="UTF-8"?>
<!DOCTYPE html PUBLIC "-//W3C//DTD XHTML 1.0 Transitional//EN"
    "http://www.w3.org/TR/xhtml1/DTD/xhtml1-transitional.dtd">
<html xmlns="http://www.w3.org/1999/xhtml" xml:lang="en" lang="en">
 <head>
  <title>
</title>
<meta http-equiv="Content-Type" content="text/html;charset=utf-8" />
  <meta name='ocr-system' content='tesseract 3.04.00' />
  <meta name='ocr-capabilities' content='ocr_page ocr_carea ocr_par ocr_line ocrx_word'/>
</head>
<body>
  <div class='ocr_page' id='page_1' title='image "./inscriptionvmla02unkngoog_0015.png"; bbox 0 0 3502 5487; ppageno 0'>
   <div class='ocr_carea' id='block_1_1' title="bbox 1190 438 2849 587">
    <p class='ocr_par' dir='ltr' id='par_1_1' title="bbox 1190 438 2849 587">
     <span class='ocr_line' id='line_1_1' title="bbox 1190 438 2849 587; baseline 0.001 -35"><span class='ocrx_word' id='word_1_1' title='bbox 1190 485 1997 552; x_wconf 69' lang='grc' dir='ltr'><strong>ΡΒΑΕΒΑΤῙα</strong></span> <span class='ocrx_word' id='word_1_2' title='bbox 2241 438 2248 445; x_wconf 56' lang='grc'><em>’</em></span> <span class='ocrx_word' id='word_1_3' title='bbox 2486 533 2504 587; x_wconf 72' lang='grc'><strong><em>,</em></strong></span> <span class='ocrx_word' id='word_1_4' title='bbox 2768 489 2849 553; x_wconf 82' lang='lat'><strong>13</strong></span> 
     </span>
    </p>
   </div>
   <div class='ocr_carea' id='block_1_2' title="bbox 327 656 2950 4913">
    <p class='ocr_par' dir='ltr' id='par_1_2' title="bbox 340 656 2950 3990">
     <span class='ocr_line' id='line_1_2' title="bbox 345 656 2844 742; baseline -0.001 -17"><span class='ocrx_word' id='word_1_5' title='bbox 345 659 774 725; x_wconf 88' lang='lat' dir='ltr'><strong>incredibilem</strong></span> <span class='ocrx_word' id='word_1_6' title='bbox 815 679 1018 742; x_wconf 89' lang='lat' dir='ltr'><strong>paene</strong></span> <span class='ocrx_word' id='word_1_7' title='bbox 1055 677 1192 720; x_wconf 86' lang='lat' dir='ltr'><strong>esse</strong></span> <span class='ocrx_word' id='word_1_8' title='bbox 1233 677 1533 721; x_wconf 79' lang='lat' dir='ltr'>saxorum</span> <span class='ocrx_word' id='word_1_9' title='bbox 1574 656 2045 733; x_wconf 76' lang='lat' dir='ltr'><strong>confusionem,</strong></span> <span class='ocrx_word' id='word_1_10' title='bbox 2089 656 2151 720; x_wconf 68' lang='lat' dir='ltr'><strong>iia</strong></span> <span class='ocrx_word' id='word_1_11' title='bbox 2189 658 2439 723; x_wconf 87' lang='lat' dir='ltr'><strong>Museis</strong></span> <span class='ocrx_word' id='word_1_12' title='bbox 2468 660 2844 741; x_wconf 89' lang='lat' dir='ltr'><strong>praesertim</strong></span> 
     </span>
     <span class='ocr_line' id='line_1_3' title="bbox 348 748 2845 867; baseline -0.001 -29"><span class='ocrx_word' id='word_1_13' title='bbox 348 773 585 838; x_wconf 79' lang='lat' dir='ltr'><strong>Italicis</strong></span> <span class='ocrx_word' id='word_1_14' title='bbox 617 785 679 838; x_wconf 91' lang='lat' dir='ltr'><strong>et</strong></span> <span class='ocrx_word' id='word_1_15' title='bbox 704 771 1114 847; x_wconf 82' lang='lat' dir='ltr'><strong>Britannicis,</strong></span> <span class='ocrx_word' id='word_1_16' title='bbox 1149 769 1259 833; x_wconf 89' lang='lat' dir='ltr'><strong>ubi</strong></span> <span class='ocrx_word' id='word_1_17' title='bbox 1290 773 1365 832; x_wconf 88' lang='lat' dir='ltr'><strong>de</strong></span> <span class='ocrx_word' id='word_1_18' title='bbox 1389 769 1710 854; x_wconf 87' lang='lat' dir='ltr'><strong>plerisque</strong></span> <span class='ocrx_word' id='word_1_19' title='bbox 1735 769 1929 834; x_wconf 88' lang='lat' dir='ltr'><strong>hodie</strong></span> <span class='ocrx_word' id='word_1_20' title='bbox 1950 769 2091 833; x_wconf 88' lang='lat' dir='ltr'><strong>fere</strong></span> <span class='ocrx_word' id='word_1_21' title='bbox 2122 769 2498 848; x_wconf 83' lang='lat' dir='ltr'><strong>nesciretur,</strong></span> <span class='ocrx_word' id='word_1_22' title='bbox 2535 748 2845 867; x_wconf 68' lang='lat' dir='ltr'><strong>undenam</strong></span> 
     </span>
     <span class='ocr_line' id='line_1_4' title="bbox 349 882 2843 973; baseline -0.001 -23"><span class='ocrx_word' id='word_1_23' title='bbox 349 908 637 973; x_wconf 87' lang='lat' dir='ltr'><strong>quaeque</strong></span> <span class='ocrx_word' id='word_1_24' title='bbox 680 883 920 952; x_wconf 81' lang='lat' dir='ltr'><strong>fuerint</strong></span> <span class='ocrx_word' id='word_1_25' title='bbox 964 887 1270 947; x_wconf 85' lang='lat' dir='ltr'><strong>advecta:</strong></span> <span class='ocrx_word' id='word_1_26' title='bbox 1340 883 1640 948; x_wconf 86' lang='lat' dir='ltr'><strong>maiorem</strong></span> <span class='ocrx_word' id='word_1_27' title='bbox 1682 884 1876 951; x_wconf 71' lang='lat' dir='ltr'><strong>&#39;etiam</strong></span> <span class='ocrx_word' id='word_1_28' title='bbox 1920 882 2127 947; x_wconf 90' lang='lat' dir='ltr'><strong>inesse</strong></span> <span class='ocrx_word' id='word_1_29' title='bbox 2164 883 2590 947; x_wconf 82' lang='lat' dir='ltr'><strong>difficultatem</strong></span> <span class='ocrx_word' id='word_1_30' title='bbox 2634 885 2697 948; x_wconf 90' lang='lat' dir='ltr'><strong>in</strong></span> <span class='ocrx_word' id='word_1_31' title='bbox 2744 885 2843 959; x_wconf 89' lang='lat' dir='ltr'><strong>iis,</strong></span> 
     </span>
     <span class='ocr_line' id='line_1_5' title="bbox 350 996 2851 1086; baseline -0.001 -23"><span class='ocrx_word' id='word_1_32' title='bbox 350 1022 512 1086; x_wconf 85' lang='lat' dir='ltr'><strong>quae</strong></span> <span class='ocrx_word' id='word_1_33' title='bbox 562 1011 712 1082; x_wconf 91' lang='lat' dir='ltr'><strong>post</strong></span> <span class='ocrx_word' id='word_1_34' title='bbox 771 1000 1118 1062; x_wconf 77' lang='lat' dir='ltr'><strong>Gruterum</strong></span> <span class='ocrx_word' id='word_1_35' title='bbox 1170 1008 1549 1081; x_wconf 82' lang='lat' dir='ltr'><strong>ceterosque</strong></span> <span class='ocrx_word' id='word_1_36' title='bbox 1597 1016 1861 1080; x_wconf 86' lang='lat' dir='ltr'><strong>magnos</strong></span> <span class='ocrx_word' id='word_1_37' title='bbox 1906 996 2292 1065; x_wconf 68' lang='lat' dir='ltr'>collectores</span> <span class='ocrx_word' id='word_1_38' title='bbox 2339 996 2444 1059; x_wconf 90' lang='lat' dir='ltr'><strong>vel</strong></span> <span class='ocrx_word' id='word_1_39' title='bbox 2494 997 2851 1060; x_wconf 81' lang='lat' dir='ltr'><strong>interierint</strong></span> 
     </span>
     <span class='ocr_line' id='line_1_6' title="bbox 349 1088 2848 1194; baseline -0.002 -16"><span class='ocrx_word' id='word_1_40' title='bbox 349 1114 632 1188; x_wconf 88' lang='lat' dir='ltr'><strong>omnino,</strong></span> <span class='ocrx_word' id='word_1_41' title='bbox 677 1111 781 1175; x_wconf 82' lang='lat' dir='ltr'><strong>vel</strong></span> <span class='ocrx_word' id='word_1_42' title='bbox 821 1112 1029 1174; x_wconf 84' lang='lat' dir='ltr'><strong>locum</strong></span> <span class='ocrx_word' id='word_1_43' title='bbox 1071 1111 1393 1186; x_wconf 82' lang='lat' dir='ltr'><strong>mutarint,</strong></span> <span class='ocrx_word' id='word_1_44' title='bbox 1443 1110 1548 1172; x_wconf 87' lang='lat' dir='ltr'><strong>vel</strong></span> <span class='ocrx_word' id='word_1_45' title='bbox 1575 1109 1640 1172; x_wconf 90' lang='lat' dir='ltr'><strong>in</strong></span> <span class='ocrx_word' id='word_1_46' title='bbox 1675 1108 1905 1192; x_wconf 90' lang='lat' dir='ltr'><strong>quibus</strong></span> <span class='ocrx_word' id='word_1_47' title='bbox 1937 1110 2015 1170; x_wconf 91' lang='lat' dir='ltr'><strong>ab</strong></span> <span class='ocrx_word' id='word_1_48' title='bbox 2051 1107 2173 1172; x_wconf 89' lang='lat' dir='ltr'><strong>illis</strong></span> <span class='ocrx_word' id='word_1_49' title='bbox 2213 1088 2476 1192; x_wconf 83' lang='lat' dir='ltr'><strong>aliisque</strong></span> <span class='ocrx_word' id='word_1_50' title='bbox 2511 1110 2848 1194; x_wconf 78' lang='lat' dir='ltr'><strong>‘negligen-</strong></span> 
     </span>
     <span class='ocr_line' id='line_1_7' title="bbox 344 1221 2850 1310; baseline -0.001 -21"><span class='ocrx_word' id='word_1_51' title='bbox 344 1227 467 1310; x_wconf 82' lang='lat' dir='ltr'><strong>tius</strong></span> <span class='ocrx_word' id='word_1_52' title='bbox 512 1225 565 1288; x_wconf 90' lang='lat' dir='ltr'><strong>is</strong></span> <span class='ocrx_word' id='word_1_53' title='bbox 605 1236 769 1289; x_wconf 89' lang='lat' dir='ltr'><strong>esset</strong></span> <span class='ocrx_word' id='word_1_54' title='bbox 801 1225 1093 1288; x_wconf 83' lang='lat' dir='ltr'><strong>notatus:</strong></span> <span class='ocrx_word' id='word_1_55' title='bbox 1137 1260 1210 1270; x_wconf 89' lang='lat'>—</span> <span class='ocrx_word' id='word_1_56' title='bbox 1256 1223 1405 1308; x_wconf 90' lang='lat' dir='ltr'><strong>quid</strong></span> <span class='ocrx_word' id='word_1_57' title='bbox 1456 1223 1706 1285; x_wconf 89' lang='lat' dir='ltr'><strong>tandem</strong></span> <span class='ocrx_word' id='word_1_58' title='bbox 1736 1242 2016 1306; x_wconf 80' lang='lat' dir='ltr'><strong>quaeso,</strong></span> <span class='ocrx_word' id='word_1_59' title='bbox 2065 1221 2267 1285; x_wconf 81' lang='lat' dir='ltr'><strong>facies</strong></span> <span class='ocrx_word' id='word_1_60' title='bbox 2291 1222 2664 1307; x_wconf 88' lang='lat' dir='ltr'><strong>Ligorianis</strong></span> <span class='ocrx_word' id='word_1_61' title='bbox 2693 1222 2850 1309; x_wconf 78' lang='lat' dir='ltr'><strong>reli-</strong></span> 
     </span>
     <span class='ocr_line' id='line_1_8' title="bbox 344 1332 2847 1424; baseline -0.002 -22"><span class='ocrx_word' id='word_1_62' title='bbox 344 1341 615 1424; x_wconf 88' lang='lat' dir='ltr'><strong>quisque</strong></span> <span class='ocrx_word' id='word_1_63' title='bbox 661 1339 887 1400; x_wconf 80' lang='lat' dir='ltr'><strong>misere</strong></span> <span class='ocrx_word' id='word_1_64' title='bbox 924 1336 1319 1419; x_wconf 75' lang='lat' dir='ltr'><strong>interpolatis</strong></span> <span class='ocrx_word' id='word_1_65' title='bbox 1365 1346 1555 1420; x_wconf 86' lang='lat' dir='ltr'><strong>atque</strong></span> <span class='ocrx_word' id='word_1_66' title='bbox 1593 1332 1876 1418; x_wconf 81' lang='lat' dir='ltr'><strong>spuriis?</strong></span> <span class='ocrx_word' id='word_1_67' title='bbox 1965 1334 2310 1415; x_wconf 85' lang='lat' dir='ltr'><strong>Quocirca,</strong></span> <span class='ocrx_word' id='word_1_68' title='bbox 2361 1335 2647 1419; x_wconf 85' lang='lat' dir='ltr'><strong>quamvis</strong></span> <span class='ocrx_word' id='word_1_69' title='bbox 2685 1336 2847 1398; x_wconf 88' lang='lat' dir='ltr'><strong>clas-</strong></span> 
     </span>
     <span class='ocr_line' id='line_1_9' title="bbox 344 1445 2848 1539; baseline -0.001 -25"><span class='ocrx_word' id='word_1_70' title='bbox 344 1453 797 1539; x_wconf 82' lang='lat' dir='ltr'><strong>sium-quoque</strong></span> <span class='ocrx_word' id='word_1_71' title='bbox 828 1449 1199 1531; x_wconf 79' lang='lat' dir='ltr'><strong>descriptio,</strong></span> <span class='ocrx_word' id='word_1_72' title='bbox 1253 1448 1499 1533; x_wconf 87' lang='lat' dir='ltr'><strong>qualem</strong></span> <span class='ocrx_word' id='word_1_73' title='bbox 1548 1469 1673 1532; x_wconf 89' lang='lat' dir='ltr'><strong>ego</strong></span> <span class='ocrx_word' id='word_1_74' title='bbox 1717 1446 1996 1523; x_wconf 88' lang='lat' dir='ltr'><strong>institui,</strong></span> <span class='ocrx_word' id='word_1_75' title='bbox 2045 1445 2171 1511; x_wconf 89' lang='lat' dir='ltr'><strong>suis</strong></span> <span class='ocrx_word' id='word_1_76' title='bbox 2209 1467 2339 1511; x_wconf 90' lang='lat' dir='ltr'><strong>non</strong></span> <span class='ocrx_word' id='word_1_77' title='bbox 2378 1448 2626 1511; x_wconf 88' lang='lat' dir='ltr'><strong>levibus</strong></span> <span class='ocrx_word' id='word_1_78' title='bbox 2664 1449 2848 1512; x_wconf 86' lang='lat' dir='ltr'><strong>labo-</strong></span> 
     </span>
     <span class='ocr_line' id='line_1_10' title="bbox 343 1558 2850 1646; baseline -0 -20"><span class='ocrx_word' id='word_1_79' title='bbox 343 1577 443 1627; x_wconf 88' lang='lat' dir='ltr'><strong>ret</strong></span> <span class='ocrx_word' id='word_1_80' title='bbox 472 1562 886 1628; x_wconf 82' lang='lat' dir='ltr'><strong>incommodis</strong></span> <span class='ocrx_word' id='word_1_81' title='bbox 908 1606 925 1638; x_wconf 92' lang='lat'><strong>,</strong></span> <span class='ocrx_word' id='word_1_82' title='bbox 975 1561 1376 1624; x_wconf 89' lang='lat' dir='ltr'><strong>nihilominus</strong></span> <span class='ocrx_word' id='word_1_83' title='bbox 1406 1558 1468 1622; x_wconf 90' lang='lat' dir='ltr'><strong>in</strong></span> <span class='ocrx_word' id='word_1_84' title='bbox 1501 1560 1750 1623; x_wconf 87' lang='lat' dir='ltr'><strong>Latinis</strong></span> <span class='ocrx_word' id='word_1_85' title='bbox 1784 1558 1904 1623; x_wconf 85' lang='lat' dir='ltr'><strong>erit</strong></span> <span class='ocrx_word' id='word_1_86' title='bbox 1932 1559 2347 1642; x_wconf 85' lang='lat' dir='ltr'><strong>praeferenda</strong></span> <span class='ocrx_word' id='word_1_87' title='bbox 2369 1605 2385 1636; x_wconf 91' lang='lat'><strong>,</strong></span> <span class='ocrx_word' id='word_1_88' title='bbox 2435 1572 2655 1643; x_wconf 88' lang='lat' dir='ltr'><strong>utpote</strong></span> <span class='ocrx_word' id='word_1_89' title='bbox 2686 1582 2850 1646; x_wconf 86' lang='lat' dir='ltr'><strong>quae</strong></span> 
     </span>
     <span class='ocr_line' id='line_1_11' title="bbox 341 1672 2846 1760; baseline 0 -23"><span class='ocrx_word' id='word_1_90' title='bbox 341 1676 464 1759; x_wconf 89' lang='lat' dir='ltr'><strong>ipsi</strong></span> <span class='ocrx_word' id='word_1_91' title='bbox 518 1675 904 1760; x_wconf 87' lang='lat' dir='ltr'><strong>antiquitatis</strong></span> <span class='ocrx_word' id='word_1_92' title='bbox 951 1674 1256 1738; x_wconf 81' lang='lat' dir='ltr'><strong>scientiae</strong></span> <span class='ocrx_word' id='word_1_93' title='bbox 1299 1673 1501 1759; x_wconf 88' lang='lat' dir='ltr'><strong>magis</strong></span> <span class='ocrx_word' id='word_1_94' title='bbox 1546 1673 1629 1736; x_wconf 90' lang='lat' dir='ltr'><strong>sit</strong></span> <span class='ocrx_word' id='word_1_95' title='bbox 1668 1672 2055 1755; x_wconf 81' lang='lat' dir='ltr'><strong>profutura:</strong></span> <span class='ocrx_word' id='word_1_96' title='bbox 2131 1674 2325 1737; x_wconf 89' lang='lat' dir='ltr'><strong>modo</strong></span> <span class='ocrx_word' id='word_1_97' title='bbox 2376 1674 2557 1738; x_wconf 89' lang='lat' dir='ltr'><strong>locus</strong></span> <span class='ocrx_word' id='word_1_98' title='bbox 2611 1674 2846 1760; x_wconf 87' lang='lat' dir='ltr'><strong>ubique</strong></span> 
     </span>
     <span class='ocr_line' id='line_1_12' title="bbox 345 1784 2846 1872; baseline -0 -21"><span class='ocrx_word' id='word_1_99' title='bbox 345 1810 533 1872; x_wconf 87' lang='lat' dir='ltr'><strong>quam</strong></span> <span class='ocrx_word' id='word_1_100' title='bbox 587 1788 980 1851; x_wconf 89' lang='lat' dir='ltr'><strong>curatissime</strong></span> <span class='ocrx_word' id='word_1_101' title='bbox 1026 1787 1166 1850; x_wconf 86' lang='lat' dir='ltr'><strong>fieri</strong></span> <span class='ocrx_word' id='word_1_102' title='bbox 1209 1784 1484 1869; x_wconf 86' lang='lat' dir='ltr'><strong>poterit,</strong></span> <span class='ocrx_word' id='word_1_103' title='bbox 1538 1784 1960 1870; x_wconf 84' lang='lat' dir='ltr'><strong>investigetur</strong></span> <span class='ocrx_word' id='word_1_104' title='bbox 2011 1797 2202 1871; x_wconf 86' lang='lat' dir='ltr'><strong>atque</strong></span> <span class='ocrx_word' id='word_1_105' title='bbox 2246 1797 2567 1850; x_wconf 91' lang='lat' dir='ltr'><strong>enotetur.</strong></span> <span class='ocrx_word' id='word_1_106' title='bbox 2658 1788 2846 1872; x_wconf 91' lang='lat' dir='ltr'><strong>Ergo</strong></span> 
     </span>
     <span class='ocr_line' id='line_1_13' title="bbox 340 1897 2844 1975; baseline 0 -13"><span class='ocrx_word' id='word_1_107' title='bbox 340 1902 426 1962; x_wconf 81' lang='lat' dir='ltr'><strong>ad</strong></span> <span class='ocrx_word' id='word_1_108' title='bbox 467 1899 805 1965; x_wconf 82' lang='lat' dir='ltr'><strong>Helvetica</strong></span> <span class='ocrx_word' id='word_1_109' title='bbox 849 1912 918 1962; x_wconf 90' lang='lat' dir='ltr'><strong>ut</strong></span> <span class='ocrx_word' id='word_1_110' title='bbox 954 1901 1246 1975; x_wconf 84' lang='lat' dir='ltr'><strong>redeam,</strong></span> <span class='ocrx_word' id='word_1_111' title='bbox 1316 1900 1509 1962; x_wconf 87' lang='lat' dir='ltr'><strong>habes</strong></span> <span class='ocrx_word' id='word_1_112' title='bbox 1546 1897 1653 1961; x_wconf 88' lang='lat' dir='ltr'><strong>hie</strong></span> <span class='ocrx_word' id='word_1_113' title='bbox 1691 1898 1902 1962; x_wconf 88' lang='lat' dir='ltr'><strong>omnia</strong></span> <span class='ocrx_word' id='word_1_114' title='bbox 1938 1897 2088 1960; x_wconf 86' lang='lat' dir='ltr'><strong>mihi</strong></span> <span class='ocrx_word' id='word_1_115' title='bbox 2133 1910 2321 1974; x_wconf 91' lang='lat' dir='ltr'><strong>nota,</strong></span> <span class='ocrx_word' id='word_1_116' title='bbox 2368 1898 2601 1962; x_wconf 90' lang='lat' dir='ltr'><strong>inedita</strong></span> <span class='ocrx_word' id='word_1_117' title='bbox 2656 1900 2844 1963; x_wconf 88' lang='lat' dir='ltr'><strong>etiam</strong></span> 
     </span>
     <span class='ocr_line' id='line_1_14' title="bbox 349 1996 2844 2097; baseline 0 -23"><span class='ocrx_word' id='word_1_118' title='bbox 349 2012 629 2097; x_wconf 57' lang='lat' dir='ltr'><strong>aliquem</strong></span> <span class='ocrx_word' id='word_1_119' title='bbox 698 2013 970 2076; x_wconf 86' lang='lat' dir='ltr'><strong>maxima</strong></span> <span class='ocrx_word' id='word_1_120' title='bbox 1011 2011 1304 2087; x_wconf 86' lang='lat' dir='ltr'><strong>minima,</strong></span> <span class='ocrx_word' id='word_1_121' title='bbox 1349 2011 1603 2096; x_wconf 85' lang='lat' dir='ltr'><strong>integra</strong></span> <span class='ocrx_word' id='word_1_122' title='bbox 1649 2010 1900 2086; x_wconf 89' lang='lat' dir='ltr'><strong>mutila,</strong></span> <span class='ocrx_word' id='word_1_123' title='bbox 1952 2009 2197 2073; x_wconf 88' lang='lat' dir='ltr'><strong>sincera</strong></span> <span class='ocrx_word' id='word_1_124' title='bbox 2237 1996 2492 2093; x_wconf 53' lang='lat' dir='ltr'><strong>spuria&#39;,</strong></span> <span class='ocrx_word' id='word_1_125' title='bbox 2544 2014 2623 2074; x_wconf 93' lang='lat' dir='ltr'><strong>ab</strong></span> <span class='ocrx_word' id='word_1_126' title='bbox 2673 2012 2844 2075; x_wconf 88' lang='lat' dir='ltr'><strong>occi-</strong></span> 
     </span>
     <span class='ocr_line' id='line_1_15' title="bbox 346 2106 2848 2208; baseline 0 -21"><span class='ocrx_word' id='word_1_127' title='bbox 346 2127 532 2188; x_wconf 87' lang='lat' dir='ltr'><strong>dente</strong></span> <span class='ocrx_word' id='word_1_128' title='bbox 591 2125 901 2188; x_wconf 86' lang='lat' dir='ltr'><strong>orientem</strong></span> <span class='ocrx_word' id='word_1_129' title='bbox 943 2106 1173 2188; x_wconf 50' lang='lat' dir='ltr'><strong>rersus</strong></span> <span class='ocrx_word' id='word_1_130' title='bbox 1211 2135 1581 2208; x_wconf 86' lang='lat' dir='ltr'><strong>perpetuam</strong></span> <span class='ocrx_word' id='word_1_131' title='bbox 1627 2124 1690 2188; x_wconf 92' lang='lat' dir='ltr'><strong>in</strong></span> <span class='ocrx_word' id='word_1_132' title='bbox 1734 2123 1958 2186; x_wconf 89' lang='lat' dir='ltr'><strong>seriem</strong></span> <span class='ocrx_word' id='word_1_133' title='bbox 2001 2122 2326 2205; x_wconf 86' lang='lat' dir='ltr'><strong>disposita.</strong></span> <span class='ocrx_word' id='word_1_134' title='bbox 2417 2124 2611 2203; x_wconf 82' lang='lat' dir='ltr'><strong>Quod</strong></span> <span class='ocrx_word' id='word_1_135' title='bbox 2655 2136 2848 2207; x_wconf 89' lang='lat' dir='ltr'><strong>caput</strong></span> 
     </span>
     <span class='ocr_line' id='line_1_16' title="bbox 346 2235 2856 2321; baseline -0 -21"><span class='ocrx_word' id='word_1_136' title='bbox 346 2237 461 2300; x_wconf 88' lang='lat' dir='ltr'><strong>etsi</strong></span> <span class='ocrx_word' id='word_1_137' title='bbox 481 2240 617 2301; x_wconf 75' lang='lat' dir='ltr'><strong>hoc</strong></span> <span class='ocrx_word' id='word_1_138' title='bbox 649 2238 896 2321; x_wconf 88' lang='lat' dir='ltr'><strong>quidem</strong></span> <span class='ocrx_word' id='word_1_139' title='bbox 930 2258 1167 2321; x_wconf 86' lang='lat' dir='ltr'><strong>genere</strong></span> <span class='ocrx_word' id='word_1_140' title='bbox 1196 2258 1335 2299; x_wconf 92' lang='lat' dir='ltr'><strong>cum</strong></span> <span class='ocrx_word' id='word_1_141' title='bbox 1371 2236 1599 2300; x_wconf 89' lang='lat' dir='ltr'><strong>ceteris</strong></span> <span class='ocrx_word' id='word_1_142' title='bbox 1632 2236 1974 2318; x_wconf 82' lang='lat' dir='ltr'><strong>discrepat,</strong></span> <span class='ocrx_word' id='word_1_143' title='bbox 2017 2235 2081 2304; x_wconf 90' lang='lat' dir='ltr'><strong>id</strong></span> <span class='ocrx_word' id='word_1_144' title='bbox 2110 2247 2316 2298; x_wconf 88' lang='lat' dir='ltr'><strong>tamen</strong></span> <span class='ocrx_word' id='word_1_145' title='bbox 2348 2237 2722 2317; x_wconf 80' lang='lat' dir='ltr'><strong>praestabit,</strong></span> <span class='ocrx_word' id='word_1_146' title='bbox 2773 2247 2856 2299; x_wconf 80' lang='lat' dir='ltr'><strong>ut</strong></span> 
     </span>
     <span class='ocr_line' id='line_1_17' title="bbox 347 2334 2950 2433; baseline -0.001 -22"><span class='ocrx_word' id='word_1_147' title='bbox 347 2362 601 2413; x_wconf 90' lang='lat' dir='ltr'><strong>nostrae</strong></span> <span class='ocrx_word' id='word_1_148' title='bbox 626 2348 993 2432; x_wconf 87' lang='lat' dir='ltr'><strong>disciplinae</strong></span> <span class='ocrx_word' id='word_1_149' title='bbox 1017 2351 1335 2413; x_wconf 88' lang='lat' dir='ltr'><strong>studiosus</strong></span> <span class='ocrx_word' id='word_1_150' title='bbox 1366 2360 1611 2412; x_wconf 88' lang='lat' dir='ltr'><strong>mature</strong></span> <span class='ocrx_word' id='word_1_151' title='bbox 1643 2350 1720 2412; x_wconf 89' lang='lat' dir='ltr'><strong>sit</strong></span> <span class='ocrx_word' id='word_1_152' title='bbox 1750 2348 2210 2424; x_wconf 87' lang='lat' dir='ltr'><strong>intellecturus,</strong></span> <span class='ocrx_word' id='word_1_153' title='bbox 2247 2348 2478 2433; x_wconf 90' lang='lat' dir='ltr'><strong>quibus</strong></span> <span class='ocrx_word' id='word_1_154' title='bbox 2511 2371 2651 2411; x_wconf 89' lang='lat' dir='ltr'><strong>cum</strong></span> <span class='ocrx_word' id='word_1_155' title='bbox 2686 2348 2871 2423; x_wconf 78' lang='lat' dir='ltr'><strong>diffi-¹</strong></span> <span class='ocrx_word' id='word_1_156' title='bbox 2944 2334 2950 2340; x_wconf 54' lang='grc'><strong>’</strong></span> 
     </span>
     <span class='ocr_line' id='line_1_18' title="bbox 348 2461 2895 2546; baseline 0.001 -23"><span class='ocrx_word' id='word_1_157' title='bbox 348 2462 682 2526; x_wconf 89' lang='lat' dir='ltr'><strong>cultatibus</strong></span> <span class='ocrx_word' id='word_1_158' title='bbox 724 2461 787 2526; x_wconf 92' lang='lat' dir='ltr'><strong>in</strong></span> <span class='ocrx_word' id='word_1_159' title='bbox 830 2484 901 2525; x_wconf 89' lang='lat' dir='ltr'><strong>ea</strong></span> <span class='ocrx_word' id='word_1_160' title='bbox 944 2461 1430 2526; x_wconf 87' lang='lat' dir='ltr'><strong>conflictandum</strong></span> <span class='ocrx_word' id='word_1_161' title='bbox 1475 2462 1592 2537; x_wconf 89' lang='lat' dir='ltr'><strong>sit,</strong></span> <span class='ocrx_word' id='word_1_162' title='bbox 1641 2473 2071 2546; x_wconf 85' lang='lat' dir='ltr'><strong>quantumque</strong></span> <span class='ocrx_word' id='word_1_163' title='bbox 2116 2481 2303 2543; x_wconf 84' lang='lat' dir='ltr'><strong>saepe</strong></span> <span class='ocrx_word' id='word_1_164' title='bbox 2334 2461 2608 2525; x_wconf 85' lang='lat' dir='ltr'><strong>taedium</strong></span> <span class='ocrx_word' id='word_1_165' title='bbox 2642 2464 2842 2525; x_wconf 86' lang='lat' dir='ltr'><strong>devo·</strong></span> <span class='ocrx_word' id='word_1_166' title='bbox 2868 2467 2895 2497; x_wconf 76' lang='lat'><strong><em>¹</em></strong></span> 
     </span>
     <span class='ocr_line' id='line_1_19' title="bbox 346 2550 2844 2658; baseline 0 -22"><span class='ocrx_word' id='word_1_167' title='bbox 346 2577 608 2637; x_wconf 87' lang='lat' dir='ltr'><strong>randum</strong></span> <span class='ocrx_word' id='word_1_168' title='bbox 652 2574 715 2637; x_wconf 93' lang='lat' dir='ltr'><strong>in</strong></span> <span class='ocrx_word' id='word_1_169' title='bbox 753 2574 914 2641; x_wconf 77' lang='lat' dir='ltr'><strong>male</strong></span> <span class='ocrx_word' id='word_1_170' title='bbox 952 2574 1323 2656; x_wconf 87' lang='lat' dir='ltr'><strong>exscriptis,</strong></span> <span class='ocrx_word' id='word_1_171' title='bbox 1388 2573 1667 2649; x_wconf 90' lang='lat' dir='ltr'><strong>truncis,</strong></span> <span class='ocrx_word' id='word_1_172' title='bbox 1730 2550 2221 2649; x_wconf 74' lang='lat' dir='ltr'><strong>commenticiis,</strong></span> <span class='ocrx_word' id='word_1_173' title='bbox 2288 2572 2844 2658; x_wconf 85' lang='lat' dir='ltr'><strong>nullius·denique</strong></span> 
     </span>
     <span class='ocr_line' id='line_1_20' title="bbox 346 2671 2844 2772; baseline 0 -22"><span class='ocrx_word' id='word_1_174' title='bbox 346 2690 643 2751; x_wconf 83' lang='lat' dir='ltr'><strong>momenti</strong></span> <span class='ocrx_word' id='word_1_175' title='bbox 690 2671 1769 2772; x_wconf 67' lang='lat' dir='ltr'><strong>inscriptionibuspervestigandis</strong></span> <span class='ocrx_word' id='word_1_176' title='bbox 1809 2706 1883 2750; x_wconf 89' lang='lat' dir='ltr'><strong>ac</strong></span> <span class='ocrx_word' id='word_1_177' title='bbox 1925 2685 2400 2762; x_wconf 53' lang='lat' dir='ltr'><strong>diiudicandis„</strong></span> <span class='ocrx_word' id='word_1_178' title='bbox 2478 2685 2618 2768; x_wconf 85' lang='lat' dir='ltr'><strong>Qua</strong></span> <span class='ocrx_word' id='word_1_179' title='bbox 2665 2685 2727 2750; x_wconf 89' lang='lat' dir='ltr'><strong>in</strong></span> <span class='ocrx_word' id='word_1_180' title='bbox 2770 2708 2844 2751; x_wconf 88' lang='lat' dir='ltr'><strong>re</strong></span> 
     </span>
     <span class='ocr_line' id='line_1_21' title="bbox 350 2799 2888 2892; baseline -0 -30"><span class='ocrx_word' id='word_1_181' title='bbox 350 2821 738 2885; x_wconf 87' lang='lat' dir='ltr'><strong>magnopere</strong></span> <span class='ocrx_word' id='word_1_182' title='bbox 770 2821 868 2863; x_wconf 90' lang='lat' dir='ltr'><strong>me</strong></span> <span class='ocrx_word' id='word_1_183' title='bbox 907 2801 1285 2864; x_wconf 86' lang='lat' dir='ltr'><strong>adiuverunt</strong></span> <span class='ocrx_word' id='word_1_184' title='bbox 1323 2799 1777 2892; x_wconf 63' lang='lat' dir='ltr'><strong>J-Iagenbuchii</strong></span> <span class='ocrx_word' id='word_1_185' title='bbox 1807 2799 2168 2874; x_wconf 85' lang='lat' dir='ltr'><strong>Helvetica,</strong></span> <span class='ocrx_word' id='word_1_186' title='bbox 2215 2799 2607 2863; x_wconf 86' lang='lat' dir='ltr'><strong>accuratiora</strong></span> <span class='ocrx_word' id='word_1_187' title='bbox 2644 2800 2842 2884; x_wconf 85' lang='lat' dir='ltr'><strong>longe</strong></span> <span class='ocrx_word' id='word_1_188' title='bbox 2885 2869 2888 2874; x_wconf 11' lang='lat'>³</span> 
     </span>
     <span class='ocr_line' id='line_1_22' title="bbox 347 2911 2836 2997; baseline 0.001 -23"><span class='ocrx_word' id='word_1_189' title='bbox 347 2924 407 2974; x_wconf 89' lang='lat' dir='ltr'><strong>et</strong></span> <span class='ocrx_word' id='word_1_190' title='bbox 447 2913 670 2976; x_wconf 90' lang='lat' dir='ltr'><strong>melius</strong></span> <span class='ocrx_word' id='word_1_191' title='bbox 716 2912 1051 2989; x_wconf 85' lang='lat' dir='ltr'><strong>illustrata,</strong></span> <span class='ocrx_word' id='word_1_192' title='bbox 1099 2935 1287 2997; x_wconf 90' lang='lat' dir='ltr'><strong>quam</strong></span> <span class='ocrx_word' id='word_1_193' title='bbox 1320 2925 1463 2977; x_wconf 90' lang='lat' dir='ltr'><strong>ante</strong></span> <span class='ocrx_word' id='word_1_194' title='bbox 1491 2913 1730 2976; x_wconf 84' lang='lat' dir='ltr'><strong>factum</strong></span> <span class='ocrx_word' id='word_1_195' title='bbox 1764 2924 1900 2976; x_wconf 88' lang='lat' dir='ltr'><strong>erat</strong></span> <span class='ocrx_word' id='word_1_196' title='bbox 1932 2934 1967 2979; x_wconf 84' lang='lat' dir='ltr'><strong>a</strong></span> <span class='ocrx_word' id='word_1_197' title='bbox 1999 2911 2461 2989; x_wconf 87' lang='lat' dir='ltr'><strong>Guillimanno‚</strong></span> <span class='ocrx_word' id='word_1_198' title='bbox 2512 2912 2836 2988; x_wconf 83' lang='lat' dir='ltr'><strong>Plautino,</strong></span> 
     </span>
     <span class='ocr_line' id='line_1_23' title="bbox 344 3005 2845 3109; baseline 0.001 -23"><span class='ocrx_word' id='word_1_199' title='bbox 344 3037 442 3100; x_wconf 91' lang='lat' dir='ltr'><strong>et,</strong></span> <span class='ocrx_word' id='word_1_200' title='bbox 507 3024 620 3109; x_wconf 85' lang='lat' dir='ltr'><strong>qui</strong></span> <span class='ocrx_word' id='word_1_201' title='bbox 677 3027 794 3088; x_wconf 68' lang='lat' dir='ltr'><strong>llos</strong></span> <span class='ocrx_word' id='word_1_202' title='bbox 854 3038 917 3089; x_wconf 87' lang='lat' dir='ltr'><strong>et</strong></span> <span class='ocrx_word' id='word_1_203' title='bbox 948 3005 1174 3089; x_wconf 42' lang='lat' dir='ltr'><strong>“aetate</strong></span> <span class='ocrx_word' id='word_1_204' title='bbox 1216 3038 1281 3090; x_wconf 91' lang='lat' dir='ltr'><strong>et</strong></span> <span class='ocrx_word' id='word_1_205' title='bbox 1324 3025 1559 3089; x_wconf 88' lang='lat' dir='ltr'><strong>meritis</strong></span> <span class='ocrx_word' id='word_1_206' title='bbox 1605 3027 2019 3101; x_wconf 87' lang='lat' dir='ltr'><strong>antecedunt,</strong></span> <span class='ocrx_word' id='word_1_207' title='bbox 2081 3024 2358 3109; x_wconf 84' lang='lat' dir='ltr'><strong>Aegidio</strong></span> <span class='ocrx_word' id='word_1_208' title='bbox 2407 3026 2735 3089; x_wconf 88' lang='lat' dir='ltr'><strong>Tschudio</strong></span> <span class='ocrx_word' id='word_1_209' title='bbox 2780 3037 2845 3088; x_wconf 92' lang='lat' dir='ltr'><strong>et</strong></span> 
     </span>
     <span class='ocr_line' id='line_1_24' title="bbox 344 3135 2843 3224; baseline -0 -24"><span class='ocrx_word' id='word_1_210' title='bbox 344 3135 516 3200; x_wconf 88' lang='lat' dir='ltr'><strong>Iosia</strong></span> <span class='ocrx_word' id='word_1_211' title='bbox 564 3136 874 3214; x_wconf 89' lang='lat' dir='ltr'><strong>Simlero,</strong></span> <span class='ocrx_word' id='word_1_212' title='bbox 923 3137 1102 3201; x_wconf 88' lang='lat' dir='ltr'><strong>cuius</strong></span> <span class='ocrx_word' id='word_1_213' title='bbox 1147 3137 1619 3224; x_wconf 86' lang='lat' dir='ltr'><strong>Antiquitatum</strong></span> <span class='ocrx_word' id='word_1_214' title='bbox 1662 3138 2145 3203; x_wconf 83' lang='lat' dir='ltr'><strong>Helveticarum</strong></span> <span class='ocrx_word' id='word_1_215' title='bbox 2192 3137 2515 3201; x_wconf 88' lang='lat' dir='ltr'><strong>volumina</strong></span> <span class='ocrx_word' id='word_1_216' title='bbox 2562 3138 2843 3221; x_wconf 82' lang='lat' dir='ltr'><strong>quinque</strong></span> 
     </span>
     <span class='ocr_line' id='line_1_25' title="bbox 341 3248 2840 3334; baseline 0.001 -23"><span class='ocrx_word' id='word_1_217' title='bbox 341 3248 538 3333; x_wconf 87' lang='lat' dir='ltr'><strong>ipsius</strong></span> <span class='ocrx_word' id='word_1_218' title='bbox 584 3271 773 3313; x_wconf 89' lang='lat' dir='ltr'><strong>manu</strong></span> <span class='ocrx_word' id='word_1_219' title='bbox 816 3248 1008 3314; x_wconf 90' lang='lat' dir='ltr'><strong>nitide</strong></span> <span class='ocrx_word' id='word_1_220' title='bbox 1052 3250 1287 3334; x_wconf 88' lang='lat' dir='ltr'><strong>scripta</strong></span> <span class='ocrx_word' id='word_1_221' title='bbox 1325 3249 1772 3315; x_wconf 88' lang='lat' dir='ltr'><strong>Turicensium</strong></span> <span class='ocrx_word' id='word_1_222' title='bbox 1805 3250 2190 3315; x_wconf 83' lang='lat' dir='ltr'><strong>bibliotheca</strong></span> <span class='ocrx_word' id='word_1_223' title='bbox 2220 3251 2472 3333; x_wconf 87' lang='lat' dir='ltr'><strong>publica</strong></span> <span class='ocrx_word' id='word_1_224' title='bbox 2517 3253 2840 3316; x_wconf 86' lang='lat' dir='ltr'><strong>adservat.</strong></span> 
     </span>
     <span class='ocr_line' id='line_1_26' title="bbox 343 3362 2842 3447; baseline 0 -22"><span class='ocrx_word' id='word_1_225' title='bbox 343 3363 449 3425; x_wconf 79' lang='lat' dir='ltr'><strong>Ex</strong></span> <span class='ocrx_word' id='word_1_226' title='bbox 485 3364 702 3425; x_wconf 86' lang='lat' dir='ltr'><strong>eadem</strong></span> <span class='ocrx_word' id='word_1_227' title='bbox 737 3363 1062 3428; x_wconf 89' lang='lat' dir='ltr'><strong>Ottianum</strong></span> <span class='ocrx_word' id='word_1_228' title='bbox 1094 3364 1393 3428; x_wconf 88' lang='lat' dir='ltr'><strong>volumen</strong></span> <span class='ocrx_word' id='word_1_229' title='bbox 1418 3363 1904 3447; x_wconf 87' lang='lat' dir='ltr'><strong>inscriptionum</strong></span> <span class='ocrx_word' id='word_1_230' title='bbox 1931 3362 2440 3438; x_wconf 84' lang='lat' dir='ltr'><strong>Helveticarum,</strong></span> <span class='ocrx_word' id='word_1_231' title='bbox 2470 3365 2577 3425; x_wconf 86' lang='lat' dir='ltr'><strong>scd</strong></span> <span class='ocrx_word' id='word_1_232' title='bbox 2604 3363 2842 3426; x_wconf 91' lang='lat' dir='ltr'><strong>nullum</strong></span> 
     </span>
     <span class='ocr_line' id='line_1_27' title="bbox 341 3470 2838 3562; baseline 0 -25"><span class='ocrx_word' id='word_1_233' title='bbox 341 3475 506 3551; x_wconf 74' lang='lat' dir='ltr'><strong>fere,</strong></span> <span class='ocrx_word' id='word_1_234' title='bbox 541 3488 692 3558; x_wconf 90' lang='lat' dir='ltr'><strong>post</strong></span> <span class='ocrx_word' id='word_1_235' title='bbox 729 3470 1177 3562; x_wconf 70' lang='lat' dir='ltr'><strong>Hagenbucliii</strong></span> <span class='ocrx_word' id='word_1_236' title='bbox 1207 3498 1418 3539; x_wconf 88' lang='lat' dir='ltr'><strong>curam</strong></span> <span class='ocrx_word' id='word_1_237' title='bbox 1454 3477 1650 3541; x_wconf 89' lang='lat' dir='ltr'><strong>multo</strong></span> <span class='ocrx_word' id='word_1_238' title='bbox 1683 3477 2078 3559; x_wconf 87' lang='lat' dir='ltr'><strong>ampliorem,</strong></span> <span class='ocrx_word' id='word_1_239' title='bbox 2113 3498 2292 3538; x_wconf 88' lang='lat' dir='ltr'><strong>usum</strong></span> <span class='ocrx_word' id='word_1_240' title='bbox 2323 3476 2474 3539; x_wconf 89' lang='lat' dir='ltr'><strong>mihi</strong></span> <span class='ocrx_word' id='word_1_241' title='bbox 2498 3477 2838 3557; x_wconf 88' lang='lat' dir='ltr'><strong>praebens,</strong></span> 
     </span>
     <span class='ocr_line' id='line_1_28' title="bbox 340 3588 2843 3672; baseline 0 -23"><span class='ocrx_word' id='word_1_242' title='bbox 340 3599 603 3669; x_wconf 90' lang='lat' dir='ltr'><strong>praesto</strong></span> <span class='ocrx_word' id='word_1_243' title='bbox 636 3600 809 3664; x_wconf 88' lang='lat' dir='ltr'><strong>erat;</strong></span> <span class='ocrx_word' id='word_1_244' title='bbox 862 3609 1067 3671; x_wconf 88' lang='lat' dir='ltr'><strong>nuper</strong></span> <span class='ocrx_word' id='word_1_245' title='bbox 1099 3590 1335 3653; x_wconf 84' lang='lat' dir='ltr'><strong>effossa</strong></span> <span class='ocrx_word' id='word_1_246' title='bbox 1364 3589 1851 3672; x_wconf 86' lang='lat' dir='ltr'><strong>suppeditabant</strong></span> <span class='ocrx_word' id='word_1_247' title='bbox 1881 3588 2201 3666; x_wconf 88' lang='lat' dir='ltr'><strong>Hallerus,</strong></span> <span class='ocrx_word' id='word_1_248' title='bbox 2254 3600 2316 3652; x_wconf 91' lang='lat' dir='ltr'><strong>et</strong></span> <span class='ocrx_word' id='word_1_249' title='bbox 2351 3590 2641 3652; x_wconf 86' lang='lat' dir='ltr'><strong>Levade.</strong></span> <span class='ocrx_word' id='word_1_250' title='bbox 2690 3590 2843 3650; x_wconf 89' lang='lat' dir='ltr'><strong>Hoc</strong></span> 
     </span>
     <span class='ocr_line' id='line_1_29' title="bbox 343 3691 2843 3802; baseline -0.001 -39"><span class='ocrx_word' id='word_1_251' title='bbox 343 3698 536 3784; x_wconf 87' lang='lat' dir='ltr'><strong>igitur</strong></span> <span class='ocrx_word' id='word_1_252' title='bbox 595 3712 822 3783; x_wconf 87' lang='lat' dir='ltr'><strong>caput,</strong></span> <span class='ocrx_word' id='word_1_253' title='bbox 896 3700 1203 3786; x_wconf 87' lang='lat' dir='ltr'><strong>singulari</strong></span> <span class='ocrx_word' id='word_1_254' title='bbox 1247 3724 1386 3765; x_wconf 89' lang='lat' dir='ltr'><strong>cum</strong></span> <span class='ocrx_word' id='word_1_255' title='bbox 1432 3701 1757 3788; x_wconf 87' lang='lat' dir='ltr'><strong>diligentia</strong></span> <span class='ocrx_word' id='word_1_256' title='bbox 1800 3691 2172 3780; x_wconf 80' lang='lat' dir='ltr'><strong>tractatum,</strong></span> <span class='ocrx_word' id='word_1_257' title='bbox 2242 3700 2593 3802; x_wconf 81' lang='lat' dir='ltr'><strong>specimian</strong></span> <span class='ocrx_word' id='word_1_258' title='bbox 2656 3699 2843 3762; x_wconf 87' lang='lat' dir='ltr'><strong>simul</strong></span> 
     </span>
     <span class='ocr_line' id='line_1_30' title="bbox 343 3812 2840 3900; baseline 0 -27"><span class='ocrx_word' id='word_1_259' title='bbox 343 3812 488 3878; x_wconf 89' lang='lat' dir='ltr'><strong>loco</strong></span> <span class='ocrx_word' id='word_1_260' title='bbox 530 3825 695 3890; x_wconf 89' lang='lat' dir='ltr'><strong>esto,</strong></span> <span class='ocrx_word' id='word_1_261' title='bbox 747 3817 1072 3897; x_wconf 88' lang='lat' dir='ltr'><strong>quomodo</strong></span> <span class='ocrx_word' id='word_1_262' title='bbox 1113 3814 1574 3900; x_wconf 89' lang='lat' dir='ltr'><strong>geographiam</strong></span> <span class='ocrx_word' id='word_1_263' title='bbox 1620 3814 1940 3900; x_wconf 88' lang='lat' dir='ltr'><strong>antiquam</strong></span> <span class='ocrx_word' id='word_1_264' title='bbox 1987 3814 2142 3878; x_wconf 90' lang='lat' dir='ltr'><strong>solis</strong></span> <span class='ocrx_word' id='word_1_265' title='bbox 2187 3835 2269 3877; x_wconf 86' lang='lat' dir='ltr'><strong>ex</strong></span> <span class='ocrx_word' id='word_1_266' title='bbox 2302 3812 2616 3897; x_wconf 89' lang='lat' dir='ltr'><strong>lapidibus</strong></span> <span class='ocrx_word' id='word_1_267' title='bbox 2648 3815 2840 3877; x_wconf 87' lang='lat' dir='ltr'><strong>ador-</strong></span> 
     </span>
     <span class='ocr_line' id='line_1_31' title="bbox 343 3925 1041 3990; baseline 0.004 -3"><span class='ocrx_word' id='word_1_268' title='bbox 343 3926 605 3987; x_wconf 84' lang='lat' dir='ltr'><strong>nandam</strong></span> <span class='ocrx_word' id='word_1_269' title='bbox 659 3925 1041 3990; x_wconf 84' lang='lat' dir='ltr'><strong>existimem.</strong></span> 
     </span>
    </p>

    <p class='ocr_par' dir='ltr' id='par_1_3' title="bbox 327 4038 2874 4913">
     <span class='ocr_line' id='line_1_32' title="bbox 513 4038 2870 4127; baseline 0.001 -28"><span class='ocrx_word' id='word_1_270' title='bbox 513 4038 988 4122; x_wconf 87' lang='lat' dir='ltr'><strong>Geographicis</strong></span> <span class='ocrx_word' id='word_1_271' title='bbox 1033 4061 1191 4103; x_wconf 87' lang='lat' dir='ltr'><strong>vero</strong></span> <span class='ocrx_word' id='word_1_272' title='bbox 1240 4039 1586 4117; x_wconf 89' lang='lat' dir='ltr'><strong>absolutis,</strong></span> <span class='ocrx_word' id='word_1_273' title='bbox 1634 4040 1964 4106; x_wconf 89' lang='lat' dir='ltr'><strong>Historica</strong></span> <span class='ocrx_word' id='word_1_274' title='bbox 2009 4061 2142 4104; x_wconf 90' lang='lat' dir='ltr'><strong>sum</strong></span> <span class='ocrx_word' id='word_1_275' title='bbox 2191 4061 2579 4127; x_wconf 86' lang='lat' dir='ltr'><strong>aggressus,</strong></span> <span class='ocrx_word' id='word_1_276' title='bbox 2643 4040 2728 4104; x_wconf 91' lang='lat' dir='ltr'><strong>ita</strong></span> <span class='ocrx_word' id='word_1_277' title='bbox 2770 4046 2870 4101; x_wconf 67' lang='lat' dir='ltr'><strong>ut&#39;·</strong></span> 
     </span>
     <span class='ocr_line' id='line_1_33' title="bbox 337 4147 2840 4238; baseline 0.002 -27"><span class='ocrx_word' id='word_1_278' title='bbox 337 4147 481 4211; x_wconf 88' lang='lat' dir='ltr'><strong>inde</strong></span> <span class='ocrx_word' id='word_1_279' title='bbox 539 4171 573 4211; x_wconf 92' lang='lat' dir='ltr'><strong>a</strong></span> <span class='ocrx_word' id='word_1_280' title='bbox 633 4151 919 4215; x_wconf 85' lang='lat' dir='ltr'><strong>Romulo</strong></span> <span class='ocrx_word' id='word_1_281' title='bbox 980 4172 1179 4236; x_wconf 85' lang='lat' dir='ltr'><strong>usque</strong></span> <span class='ocrx_word' id='word_1_282' title='bbox 1222 4155 1305 4216; x_wconf 84' lang='lat' dir='ltr'><strong>ad</strong></span> <span class='ocrx_word' id='word_1_283' title='bbox 1351 4153 1829 4218; x_wconf 76' lang='lat' dir='ltr'><strong>Theodericum</strong></span> <span class='ocrx_word' id='word_1_284' title='bbox 1875 4173 2093 4238; x_wconf 89' lang='lat' dir='ltr'><strong>regem</strong></span> <span class='ocrx_word' id='word_1_285' title='bbox 2138 4165 2511 4236; x_wconf 89' lang='lat' dir='ltr'><strong>perpetuam</strong></span> <span class='ocrx_word' id='word_1_286' title='bbox 2555 4164 2840 4217; x_wconf 86' lang='lat' dir='ltr'><strong>texerem</strong></span> 
     </span>
     <span class='ocr_line' id='line_1_34' title="bbox 340 4264 2837 4350; baseline 0.002 -27"><span class='ocrx_word' id='word_1_287' title='bbox 340 4274 894 4326; x_wconf 88' lang='lat' dir='ltr'><strong>monumentorum</strong></span> <span class='ocrx_word' id='word_1_288' title='bbox 954 4264 1216 4342; x_wconf 89' lang='lat' dir='ltr'><strong>seriem,</strong></span> <span class='ocrx_word' id='word_1_289' title='bbox 1289 4287 1476 4348; x_wconf 83' lang='lat' dir='ltr'><strong>quam</strong></span> <span class='ocrx_word' id='word_1_290' title='bbox 1535 4266 1705 4328; x_wconf 84' lang='lat' dir='ltr'><strong>haud</strong></span> <span class='ocrx_word' id='word_1_291' title='bbox 1764 4265 2005 4350; x_wconf 80' lang='lat' dir='ltr'><strong>exiguo</strong></span> <span class='ocrx_word' id='word_1_292' title='bbox 2064 4267 2204 4329; x_wconf 90' lang='lat' dir='ltr'><strong>usui</strong></span> <span class='ocrx_word' id='word_1_293' title='bbox 2245 4267 2390 4330; x_wconf 80' lang='lat' dir='ltr'><strong>fore</strong></span> <span class='ocrx_word' id='word_1_294' title='bbox 2436 4267 2693 4330; x_wconf 81' lang='lat' dir='ltr'><strong>confido</strong></span> <span class='ocrx_word' id='word_1_295' title='bbox 2736 4265 2837 4343; x_wconf 89' lang='lat' dir='ltr'><strong>iis,</strong></span> 
     </span>
     <span class='ocr_line' id='line_1_35' title="bbox 337 4374 2840 4462; baseline 0.002 -27"><span class='ocrx_word' id='word_1_296' title='bbox 337 4374 447 4457; x_wconf 87' lang='lat' dir='ltr'><strong>qui</strong></span> <span class='ocrx_word' id='word_1_297' title='bbox 503 4374 606 4437; x_wconf 82' lang='lat' dir='ltr'><strong>vel</strong></span> <span class='ocrx_word' id='word_1_298' title='bbox 664 4374 862 4458; x_wconf 87' lang='lat' dir='ltr'><strong>ipsam</strong></span> <span class='ocrx_word' id='word_1_299' title='bbox 923 4376 1250 4440; x_wconf 89' lang='lat' dir='ltr'><strong>historiam</strong></span> <span class='ocrx_word' id='word_1_300' title='bbox 1294 4381 1640 4462; x_wconf 87' lang='lat' dir='ltr'><strong>postmodo</strong></span> <span class='ocrx_word' id='word_1_301' title='bbox 1686 4377 1811 4441; x_wconf 90' lang='lat' dir='ltr'><strong>sint</strong></span> <span class='ocrx_word' id='word_1_302' title='bbox 1858 4378 2247 4457; x_wconf 89' lang='lat' dir='ltr'><strong>enarraturi,</strong></span> <span class='ocrx_word' id='word_1_303' title='bbox 2310 4379 2414 4442; x_wconf 83' lang='lat' dir='ltr'><strong>vel</strong></span> <span class='ocrx_word' id='word_1_304' title='bbox 2465 4378 2840 4441; x_wconf 88' lang='lat' dir='ltr'><strong>illustraturi</strong></span> 
     </span>
     <span class='ocr_line' id='line_1_36' title="bbox 336 4487 2841 4574; baseline 0.002 -26"><span class='ocrx_word' id='word_1_305' title='bbox 336 4497 398 4548; x_wconf 88' lang='lat' dir='ltr'><strong>et</strong></span> <span class='ocrx_word' id='word_1_306' title='bbox 443 4496 802 4569; x_wconf 87' lang='lat' dir='ltr'><strong>temporum</strong></span> <span class='ocrx_word' id='word_1_307' title='bbox 848 4489 1201 4566; x_wconf 87' lang='lat' dir='ltr'><strong>rationem,</strong></span> <span class='ocrx_word' id='word_1_308' title='bbox 1252 4501 1315 4554; x_wconf 91' lang='lat' dir='ltr'><strong>et</strong></span> <span class='ocrx_word' id='word_1_309' title='bbox 1356 4511 1671 4554; x_wconf 87' lang='lat' dir='ltr'><strong>nummos.</strong></span> <span class='ocrx_word' id='word_1_310' title='bbox 1761 4487 1840 4554; x_wconf 89' lang='lat' dir='ltr'><strong>In</strong></span> <span class='ocrx_word' id='word_1_311' title='bbox 1881 4507 2009 4573; x_wconf 86' lang='lat' dir='ltr'><strong>quo</strong></span> <span class='ocrx_word' id='word_1_312' title='bbox 2047 4503 2257 4555; x_wconf 90' lang='lat' dir='ltr'><strong>tamen</strong></span> <span class='ocrx_word' id='word_1_313' title='bbox 2282 4491 2501 4574; x_wconf 64' lang='lat' dir='ltr'><strong>&gt;capite</strong></span> <span class='ocrx_word' id='word_1_314' title='bbox 2530 4503 2598 4553; x_wconf 91' lang='lat' dir='ltr'><strong>ut</strong></span> <span class='ocrx_word' id='word_1_315' title='bbox 2630 4490 2841 4554; x_wconf 87' lang='lat' dir='ltr'><strong>conti-</strong></span> 
     </span>
     <span class='ocr_line' id='line_1_37' title="bbox 329 4602 2842 4687; baseline 0.004 -28"><span class='ocrx_word' id='word_1_316' title='bbox 329 4619 550 4661; x_wconf 89' lang='lat' dir='ltr'><strong>nerem</strong></span> <span class='ocrx_word' id='word_1_317' title='bbox 598 4622 733 4675; x_wconf 85' lang='lat' dir='ltr'><strong>me,</strong></span> <span class='ocrx_word' id='word_1_318' title='bbox 784 4621 1037 4666; x_wconf 88' lang='lat' dir='ltr'><strong>necesse</strong></span> <span class='ocrx_word' id='word_1_319' title='bbox 1081 4602 1238 4678; x_wconf 81' lang='lat' dir='ltr'><strong>fuit;</strong></span> <span class='ocrx_word' id='word_1_320' title='bbox 1309 4623 1513 4686; x_wconf 85' lang='lat' dir='ltr'><strong>neque</strong></span> <span class='ocrx_word' id='word_1_321' title='bbox 1574 4603 1738 4666; x_wconf 90' lang='lat' dir='ltr'><strong>enim</strong></span> <span class='ocrx_word' id='word_1_322' title='bbox 1786 4602 1998 4668; x_wconf 88' lang='lat' dir='ltr'><strong>omnia</strong></span> <span class='ocrx_word' id='word_1_323' title='bbox 2041 4604 2272 4669; x_wconf 87' lang='lat' dir='ltr'><strong>licebat</strong></span> <span class='ocrx_word' id='word_1_324' title='bbox 2316 4604 2649 4687; x_wconf 88' lang='lat' dir='ltr'><strong>amplecti,</strong></span> <span class='ocrx_word' id='word_1_325' title='bbox 2720 4603 2842 4668; x_wconf 89' lang='lat' dir='ltr'><strong>nisi</strong></span> 
     </span>
     <span class='ocr_line' id='line_1_38' title="bbox 329 4701 2874 4801; baseline 0.003 -29"><span class='ocrx_word' id='word_1_326' title='bbox 329 4709 390 4772; x_wconf 90' lang='lat' dir='ltr'><strong>in</strong></span> <span class='ocrx_word' id='word_1_327' title='bbox 435 4711 534 4773; x_wconf 89' lang='lat' dir='ltr'><strong>his</strong></span> <span class='ocrx_word' id='word_1_328' title='bbox 579 4713 927 4777; x_wconf 87' lang='lat' dir='ltr'><strong>consistere</strong></span> <span class='ocrx_word' id='word_1_329' title='bbox 973 4715 1434 4790; x_wconf 85' lang='lat' dir='ltr'><strong>decrevissem;</strong></span> <span class='ocrx_word' id='word_1_330' title='bbox 1498 4701 1738 4801; x_wconf 55' lang='lat' dir='ltr'><strong>nedae,</strong></span> <span class='ocrx_word' id='word_1_331' title='bbox 1804 4716 1989 4780; x_wconf 79' lang='lat' dir='ltr'><strong>verbi</strong></span> <span class='ocrx_word' id='word_1_332' title='bbox 2034 4730 2286 4795; x_wconf 81' lang='lat' dir='ltr'><strong>causa,&#39;</strong></span> <span class='ocrx_word' id='word_1_333' title='bbox 2324 4718 2507 4782; x_wconf 91' lang='lat' dir='ltr'><strong>locus</strong></span> <span class='ocrx_word' id='word_1_334' title='bbox 2552 4717 2655 4780; x_wconf 88' lang='lat' dir='ltr'><strong>hic</strong></span> <span class='ocrx_word' id='word_1_335' title='bbox 2701 4723 2874 4780; x_wconf 73' lang='lat' dir='ltr'><strong>erat·</strong></span> 
     </span>
     <span class='ocr_line' id='line_1_39' title="bbox 327 4813 2831 4913; baseline 0.003 -28"><span class='ocrx_word' id='word_1_336' title='bbox 327 4824 535 4888; x_wconf 85' lang='lat' dir='ltr'><strong>denuo</strong></span> <span class='ocrx_word' id='word_1_337' title='bbox 584 4825 947 4896; x_wconf 83' lang='lat' dir='ltr'><strong>ordinandis</strong></span> <span class='ocrx_word' id='word_1_338' title='bbox 994 4813 1200 4891; x_wconf 60' lang='lat' dir='ltr'><strong>Fastis</strong></span> <span class='ocrx_word' id='word_1_339' title='bbox 1264 4826 1769 4904; x_wconf 82' lang='lat' dir='ltr'><strong>consularibus,</strong></span> <span class='ocrx_word' id='word_1_340' title='bbox 1850 4852 2039 4913; x_wconf 90' lang='lat' dir='ltr'><strong>quam</strong></span> <span class='ocrx_word' id='word_1_341' title='bbox 2095 4828 2483 4894; x_wconf 88' lang='lat' dir='ltr'><strong>utilissimam</strong></span> <span class='ocrx_word' id='word_1_342' title='bbox 2546 4851 2831 4911; x_wconf 87' lang='lat' dir='ltr'><strong>operam,</strong></span> 
     </span>
    </p>
   </div>
  </div>
 </body>
</html>
