3502 5487
955 498 1005 571 §-
1050 506 1147 561 21.
1227 499 1299 558 Ρ.
1342 495 1696 557 HELVIVS
1738 496 2180 556 PERTINAX.
2229 513 2363 553 cnr.
2814 502 2929 560 207

409 645 586 691 turus
612 631 869 689 fuisset?
909 631 1020 688 Est
1038 643 1261 699 tamen,
1293 630 1453 707 quod
1475 632 1538 686 in
1567 632 1830 705 speciem
1855 650 1968 706 pro
1993 626 2264 686 Bimardi
2285 627 2556 703 exemplo
2584 622 2932 703 posteriore

409 710 640 786 possim
661 708 919 765 adferre.
964 708 1336 783 Figlinarum
1357 708 1808 781 inscriptiones,
1840 723 1989 783 quae
2009 723 2263 781 prorsus
2284 704 2509 761 similes
2530 706 2672 770 sint,
2708 706 2929 763 nedum

414 788 477 841 in
506 784 721 861 quibus
752 785 1160 859 exscriptores
1187 785 1460 851 varient,
1498 784 1767 857 potuisse
1796 801 1918 838 non
1945 781 2217 848 easdem,
2262 780 2369 836 sed
2395 779 2668 836 diversas
2700 782 2884 839 fuisse
2904 804 2925 836 ε

412 862 550 936 quia
581 848 642 915 in
675 860 886 916 iisdem
915 857 1172 916 officinis
1207 858 1417 915 eodem
1449 857 1720 932 exemplo
1779 856 1965 914 ›lures
2003 858 2186 914 fuisse
2223 857 2527 913 confectas
2569 855 2779 935 negari
2821 876 2931 914 ne-

416 947 624 1013 queatae
697 933 891 991 Huius
913 978 929 1005 ,
975 936 1045 992 de
1074 955 1187 1013 qua
1217 953 1376 991 nunc
1404 935 1655 1009 scriptio
1684 877 1857 991 nuliis
1887 944 2009 1002 est,
2051 943 2263 1008 typum
2291 930 2535 988 differre

1916 1046 1935 1065 x

649 1105 825 1163 Grut.
859 1110 1001 1176 18⁷⁴,
1049 1115 1102 1165 1.
1919 1103 2077 1161 Don.
2118 1102 2198 1159 II.-
2245 1110 2373 1162 127.
2417 1108 2513 1164 99.

419 1202 552 1263 891.
597 1198 831 1258 OPVS.
875 1200 1065 1258 DOL.
1115 1199 1191 1273 Q.
1237 1198 1440 1257 NONI
1489 1198 1657 1257 PRI—
1697 1204 1828 1262 892.
1873 1195 2081 1257 OPVS
2123 1197 2310 1255 DOL.
2362 1196 2439 1270 Q.
2486 1195 2708 1255 NONI.
2764 1196 2931 1253 Pul*-

730 1292 1001 1351 SCIANI
2000 1290 2273 1349 SCIANI

597 1386 681 1447 M.
751 1386 1183 1446 COMMODO.
1258 1386 1448 1445 AVG.
1505 1374 1656 1444 ῗῙ-ΠΪ
1871 1385 1955 1447 Μ,
1998 1384 2427 1443 coMMoDo.
2471 1385 2662 1443 AVG.
2703 1372 2840 1443 W.

725 1481 909 1538 HEL.
953 1481 1272 1540 PERTIN.
1320 1469 1401 1538 ΪῩ.
1445 1480 1597 1541 COS
1872 1480 2056 1536 HEL.
2101 1479 2419 1537 PERTIN.
2443 1468 2540 1536 '1‘1‘.
2585 1478 2739 1538 COS

1875 1574 2194 1631 ΑΝΤΟΝΙ
2234 1573 2342 1631 ΕΤ
2383 1572 2631 1633 FLAVI
2668 1571 2824 1631 INS.

580 1724 1000 1881 89ξξυῧέἐέ,
1042 1733 1233 1877 301„
1279 1817 1355 1893 Q.
1397 1817 1602 1877 NONI
1637 1815 2047 1876 PRISCIANI

781 1911 865 1969 M.
913 1911 1319 1970 COMMODO
1361 1913 1552 1972 AVG.
1591 1899 1729 1970 ῩῙΪ.
1773 1911 1960 1973 HEL.
2007 1911 2329 1971 PERTIN.
2375 1910 2551 1972 COS.

778 2004 1096 2066 ANTONI
1131 2007 1238 2064 ΕΤ
1275 2005 1522 2065 FLAVI

430 2152 633 2224 viden
705 2173 1045 2213 consonare
1089 2174 1264 2236 vero=
1289 2158 1633 2234 apographa
1684 2158 1803 2214 tria
1853 2174 2042 2233 usque
2096 2154 2171 2211 ad
2210 2172 2313 2223 ea,
2376 2172 2526 2231 quae
2568 2154 2706 2230 p‘ost
2742 2154 2934 2211 PER-

381 2298 390 2305 .
435 2247 594 2305 TIN.
651 2260 1003 2325 sequuntur.
1083 2250 1316 2306 Donius
1371 2253 1548 2307 etiam
1599 2270 1785 2328 aeque
1836 2270 1905 2307 ac
1952 2246 2281 2315 Gruterus,
2334 2236 2613 2307 TI’COS.
2669 2260 2731 2305 at
2770 2243 2932 2305 Mur.

432 2335 662 2380 tantum
701 2324 875 2383 Cos.
958 2326 1103 2381 Post
1157 2325 1332 2382 COS.
1388 2327 1537 2385 nihil
1595 2329 1656 2384 in
1712 2328 1974 2383 Grutero
2028 2336 2149 2381 est:
2207 2335 2298 2380 est
2348 2343 2494 2382 vero
2548 2328 2611 2380 in
2661 2325 2819 2381 Don.
2875 2334 2938 2380 et

433 2399 591 2456 Mur.
635 2396 950 2457 ANTONI
989 2400 1095 2458 ΕΤ
1134 2401 1414 2468 FLAVI3
1473 2404 1535 2457 in
1586 2402 1686 2458 illo
1740 2412 2050 2477 praeterea
2096 2398 2251 2456 INS.
2311 2400 2469 2476 quod
2523 2402 2618 2456 hic
2671 2402 2930 2477 ignorat.

434 2475 589 2530 Num
653 2493 798 2552 ergo
853 2478 969 2532 tria
1033 2476 1270 2532 diversa
1328 2488 1503 2533 erunt
1557 2478 1985 2534 monumenta?
2051 2476 2366 2532 Forsitan:
2422 2474 2563 2532 licet
2616 2478 2677 2530 in
2730 2473 2937 2530 eadem

435 2568 769 2606 marmorea
810 2552 987 2607 etiam
1026 2552 1417 2626 inscriptione
1464 2552 1621 2608 haud
1671 2571 1816 2608 raro
1868 2552 2070 2627 plures
2121 2552 2297 2606 etiam
2350 2547 2791 2627 διττογραφίας
2829 2568 2938 2605 oc·-

436 2643 716 2693 currere,
773 2645 807 2681 a
847 2626 1102 2683 diversis
1142 2628 1650 2702 exscriptoribuS,
1708 2646 1781 2683 ex
1822 2628 2029 2684 eodem
2066 2627 2438 2702 autographo
2477 2636 2708 2691 tamen,
2766 2636 2937 2681 ortas

434 2702 644 2778 negari
682 2720 807 2759 non
844 2704 1057 2778 possit.
1141 2701 1317 2777 Quod
1367 2705 1419 2759 si
1447 2704 1562 2761 ⁴vel
1607 2705 1862 2761 maxime
1902 2715 2025 2760 tres
2065 2702 2337 2759 diversae
2378 2703 2499 2758 sint
2536 2702 2934 2779 epigraphae,

437 2797 581 2832 num
638 2775 1005 2846 errabimuS,
1076 2780 1130 2836 si
1180 2779 1427 2835 eandem
1477 2779 1776 2848 dicamus,
1846 2781 2131 2857 quasique
2190 2797 2368 2836 unam
2435 2788 2663 2835 tantum
2715 2776 2940 2852 habea-

436 2871 600 2919 mus,
701 2872 809 2909 uae
863 2873 936 2909 ex
988 2854 1193 2910 eadem
1242 2852 1516 2924 officina,
1575 2867 1634 2911 et
1683 2855 1890 2911 eodem
1939 2874 2096 2911 anno
2133 2854 2512 2931 prodierint?
2581 2852 2780 2926 Quum
2819 2854 2940 2909 Fa·-

435 2926 616 2984 hretti
655 2874 846 3003 gaput
882 2930 1016 2986 VII.
1071 2928 1411 3007 figlinarum
1465 2933 1634 3007 signa
1674 2931 2049 3006 complexum
2086 2935 2347 3006 primum
2382 2930 2676 3005 legerem,
2769 2939 2937 2986 osten

440 3006 658 3059 iterum
692 3023 760 3060 ac
788 3008 1030 3062 tertium
1060 3025 1193 3062 cum
1233 3007 1489 3062 aliorum
1526 3007 1912 3063 collectorum
1942 3026 2327 3083 magnorum,
2372 3005 2651 3073 Gruteri,
2744 3005 2935 3079 ponii,

442 3078 655 3147 Gudii,
683 3080 916 3149 Domi,
961 3080 1279 3138 Muratorii
1315 3081 1487 3138 libris
1530 3083 1901 3149 conferrem,
1957 3095 2023 3148 ut
2059 3086 2410 3140 occasiones
2450 3091 2654 3150 erant,
2712 3080 2941 3156 (colla-

441 3164 616 3211 turus
675 3157 854 3212 etiam
908 3159 1136 3233 magis,
1207 3158 1259 3213 si
1316 3157 1528 3214 dehinc
1593 3160 1778 3214 otium
1833 3157 1998 3234 large
2057 3178 2128 3215 su
2172 3155 2572 3233 peditahitur3
2640 3159 2941 3213 neminem

439 3232 598 3285 enim
636 3230 827 3287 adhuc
867 3232 929 3288 in
966 3231 1188 3309 figlinis
1231 3232 1441 3288 dandis
1479 3235 1703 3289 maiore
1742 3252 1916 3288 usum
1956 3252 2087 3290 esse
2127 3179 2429 3310 diligentia
2471 3251 2647 3309 quam
2685 3229 2942 3289 Fahret-

441 3315 568 3361 tum
623 3305 1057 3380 deprehendi;)
1131 3308 1494 3383 deprehendi
1552 3311 1932 3383 saepissime,
2000 3307 2341 3385 figlinarum
2400 3309 2825 3382 inscriptiones
2885 3307 2941 3363 si

442 3398 566 3436 non
606 3382 875 3450 easdem,
919 3387 1081 3439 certe
1120 3393 1242 3440 no'n
1283 3383 1634 3452 dissimiles,
1687 3386 1747 3440 in
1786 3385 2111 3462 paucisque
2150 3405 2183 3443 a
2228 3405 2291 3442 se
2333 3387 2591 3443 invicem
2627 3381 2935 3450 abeuntes,

439 3455 618 3512 modo
669 3452 743 3512 a‘b
799 3459 1040 3525 iisdem,
1096 3459 1274 3515 modo
1327 3479 1358 3514 a
1419 3459 1672 3516 diversis
1722 3458 2051 3516 editoribus
2093 3459 2315 3536 publici
2355 3462 2502 3518 iuris
2539 3460 2728 3515 factas
2770 3476 2951 3514 essex-

439 3550 588 3606 quas
628 3551 845 3607 operae
885 3534 1505 3608 compendifaciendae
1557 3554 1769 3592 caussa
1824 3538 1887 3592 in
1938 3534 2459 3610 observationibus
2513 3536 2660 3589 meis
2707 3533 2782 3589 ad
2818 3532 2941 3588 Fa·-

439 3604 702 3663 brettum
743 3621 1091 3685 ceterosque
1131 3611 1361 3676 adlitis,
1424 3622 1710 3687 quantum
1762 3613 2037 3679 memini,
2102 3613 2400 3668 easdem
2449 3610 2632 3667 malui
2682 3610 2808 3666 fere
2849 3607 2944 3664 di-

441 3700 614 3750 cere,
685 3702 862 3759 quam
925 3685 1220 3742 similes
1278 3687 1717 3742 tantummodo:
1795 3689 1907 3743 etsi
1967 3707 2095 3745 non
2163 3707 2405 3764 negem,
2474 3685 2678 3760 plures
2734 3701 2943 3739 earum

444 3757 702 3814 fortasse
746 3760 1039 3816 similes
1083 3760 1260 3817 modo
1304 3763 1510 3829 fuisse,
1554 3764 1871 3836 pauciores
1902 3773 2132 3820 tantum
2163 3782 2417 3838 prorsus
2455 3758 2790 3817 easdem:
2834 3777 2946 3814 ex-

444 3832 648 3906 cipere
701 3846 900 3891 tamen
949 3833 1184 3903 licebit,
1235 3838 1493 3911 ‘opinor,
1552 3857 1701 3913 quae
1740 3856 1863 3893 non
1902 3836 1975 3894 ah
2026 3839 2390 3906 αὑτοπταις,
2447 3835 2552 3893 sed
2592 3852 2667 3890 ex
2703 3834 2942 3891 schedis

444 3905 781 3976 dumtaxat,
839 3911 1111 3985 proditae
1165 3913 1226 3967 in
1277 3913 1548 3986 pauculis
1597 3923 1830 3968 tantum
1880 3913 1975 3969 vel
2026 3914 2273 3979 additis,
2331 3911 2425 3968 vel
2477 3912 2719 3968 omissis
2768 3908 2944 3966 diffe-

440 3995 619 4040 runt:
677 3988 845 4042 cuius
895 3998 1039 4060 puto
1091 3990 1329 4064 generis
1370 3990 1546 4060 etiam
1592 3982 1993 4065 esse,'quam
2029 3990 2187 4046 Don.
2237 3989 2315 4044 ΙΙ.
2362 3994 2489 4044 127.
2545 4005 2620 4043 ex
2656 3985 2947 4046 adversa-

441 4059 550 4114 riis
603 4059 854 4116 Achillis
908 4061 1117 4129 Statii,
1175 4062 1544 4120 Muratorius
1596 4076 1794 4120 autem
1840 4069 1986 4134 345,
2043 4073 2098 4121 1.
2167 4082 2240 4120 ex
2288 4062 2536 4141 Ligurio
2588 4080 2698 4119 suo
2758 4061 2942 4119 dedit.

442 4152 500 4190 v.
544 4153 779 4213 quoque
820 4137 994 4193 Grut.
1036 4142 1177 4206 193,
1222 4146 1277 4199 8.

442 4394 505 4466 §.
541 4390 648 4455 21.
736 4392 822 4457 Ρ.
857 4393 1284 4459 HELVIVS
1317 4395 1841 4460 PERTINAX.
1875 4427 1957 4439 —
1985 4394 2315 4460 DIDIVS
2346 4394 2831 4488 IVLIANVS.
2863 4427 2949 4471 -τ

1238 4514 1655 4580 CLODIVS
1702 4517 2145 4581 ALBINVS.

596 4695 728 4753 ειη.
799 4689 1037 4765 nunt)
1091 4689 1500 4748 commone
1553 4692 1747 4750 Avo.
1821 4693 1852 4751 ιι
1914 4659 2181 4751 Νζν-Π.
2242 4693 2349 4751 ET
2402 4693 2472 4750 P.
2526 4692 2858 4751 HELVIO.
2918 4693 2945 4752 ιι

445 4785 904 4843 PERTINACE
956 4783 1169 4841 ITER.
1228 4783 1380 4841 cos
1406 4786 1452 4852 2)
1507 4785 1692 4843 con.
1735 4783 1817 4843 x.
1874 4787 2055 4846 vnn.
2112 4789 2216 4845 TI.
2276 4787 2397 4845 CL.
2460 4788 2485 4845 ιι
2541 4786 2949 4846 Ρι,ΑνΤῐν3

448 4880 554 4938 ΤΙ.
603 4880 766 4937 FIL.
830 4880 860 4937 ll
911 4875 1179 4936 FABIA.
1236 4878 1678 4938 RECEPTVS.
1735 4880 1985 4940 ROME.
2042 4882 2246 4940 STIP.
2287 4880 2432 4938 XX.
2490 4879 2559 4936 Ο.
2609 4862 2868 4938 CASSI.
2918 4881 2946 4939 ll

1423 5021 1434 5058 f
