3502 5487
399 2382 468 2434 et

396 2505 479 2565 pa

395 2596 479 2658 ini

397 2729 479 2791 Pe

399 2843 476 2884 us

398 2932 479 2996 vi.¹

397 3056 479 3107 tel

396 3157 778 3221 detrimento
824 3155 1348 3239 inscriptionibus
1387 3154 1584 3219 veluti
1621 3153 1939 3219 abstinere
1976 3176 2385 3239 cogeremur.
2438 3156 2690 3236 Quotus
2722 3156 2886 3219 enim
2992 3186 2994 3188 ·

396 3268 668 3353 quisque
717 3290 885 3335 nunc
939 3280 1038 3332 est
1087 3269 1606 3352 mythologorum
1629 3312 1648 3343 ‚
1709 3266 2203 3344 historicorum,
2272 3266 2881 3343 iureconsultorum‚

396 3381 951 3466 grammaticorum
997 3379 1261 3443 maxime
1299 3379 1715 3455 Latinorum,
1780 3401 2055 3466 quorum
2105 3379 2172 3444 in
2223 3380 2477 3461 scriptis
2530 3378 2883 3462 probabilis

394 3493 611 3555 saltem
646 3492 832 3556 huius
866 3493 1120 3578 generis
1163 3493 1410 3571 eluceat
1448 3491 1762 3556 scientia?
1792 3511 1807 3518 ’·
1849 3492 1952 3556 Ac
2003 3491 2207 3555 sicubi
2238 3492 2447 3578 aliqua
2478 3492 2612 3556 eius
2640 3491 2884 3574 species

395 3604 578 3669 nohis
620 3606 926 3681 offertur,
960 3605 1212 3669 *indices
1249 3606 1464 3687 potius
1506 3604 1958 3689 Scaligeranos
2004 3615 2067 3667 et
2108 3605 2633 3681 Muratorianos,
2693 3625 2883 3688 quam

395 3717 612 3781 titulos
652 3717 827 3799 ipsos
864 3729 1122 3803 strenue
1166 3718 1529 3793 consultos,
1591 3715 2010 3810 paucissimos
2053 3715 2274 3801 utique
2318 3718 2486 3779 ultra
2530 3718 2883 3780 Gruterum

396 3821 958 3914 Muratoriumque
1023 3851 1248 3912 sapere
1317 3830 1659 3921 pervideo·
1751 3830 1979 3912 Neque
2023 3841 2225 3891 tamen
2271 3840 2619 3910 propterea
2658 3851 2881 3912 quem-

395 3964 576 4025 quam
606 3943 1048 4023 reprehendo;
1096 3963 1300 4024 neque
1330 3954 1591 4005 nostros
1622 3941 1998 4027 philologos
2028 3943 2155 4005 hoc
2183 3942 2246 4003 in
2278 3961 2512 4025 genere
2543 3962 2709 4004 nunc
2739 3961 2879 4004 cum

390 4047 668 4134 Lipsiis,
735 4053 1119 4138 Scaligeri5‚
1184 4053 1929 4129 Fabrettis-‚‚Maffeiis,
1993 4053 2511 4138 Hagenbuchiis,
2580 4054 2879 4119 Mariniis

389 4164 691 4229 committi
736 4149 1017 4249 aequum*
1052 4167 1440 4242 censuerim,
1501 4166 1640 4247 ipse
1689 4165 1983 4228 diuturna
2036 4165 2431 4247 experientia
2482 4189 2673 4250 quum
2722 4167 2880 4229 didi-

388 4276 618 4351 cerim,
676 4300 862 4361 quam
909 4277 1302 4342 laboriosum
1349 4299 1511 4361 opus
1559 4288 1958 4370 quantaeque
2018 4277 2099 4340 sit
2140 4278 2518 4360 patientiae,
2580 4278 2763 4341 huius
2812 4278 2877 4341 in

390 4388 756 4471 disciplinae
801 4402 1118 4474 tamquam
1165 4411 1455 4453 recessus
1498 4401 1863 4471 penetrare.
1952 4389 2209 4453 Etenim
2253 4390 2597 4474 fatigamur
2642 4391 2876 4475 ubique

344 4491 354 4502 ⁹
391 4501 744 4564 incredibili
788 4502 1119 4566 titulorum
1165 4501 1598 4593 multitudine,
1676 4524 1709 4566 e
1762 4502 1992 4587 quibus
2041 4501 2197 4566 nihil
2242 4503 2499 4567 omnino
2545 4502 2870 4585 proficias,

385 4613 501 4676 nisi
560 4613 611 4677 si
654 4614 933 4677 sterilem
979 4615 1302 4685 nominum
1345 4615 1745 4697 plebeiorum
1794 4637 1867 4679 ac
1911 4615 2235 4703 servilium
2278 4615 2565 4687 notitiam
2604 4618 2871 4697 adeptus

385 4746 620 4807 operae
650 4727 924 4809 pretium
958 4738 1019 4790 te
1047 4727 1276 4790 fecisse
1319 4739 1529 4809 putes.
1594 4728 1959 4806 Eludimur
1994 4716 2235 4810 porro,
2284 4729 2637 4812 misereque
2677 4749 2868 4812 saepe
