3502 5487
577 486 691 546 206
1183 485 1251 545 C.
1296 486 1374 544 11.
1457 486 1982 561 MONVMENTA
2018 488 2480 551 HISTORICA.

649 621 699 678 1)
736 620 826 668 Est
862 623 1112 676 Commodi
1149 624 1314 669 tit-lus
1351 610 1653 681 sepulcralis.
1726 628 1800 672 Do
1836 628 2113 675 Tribunitia
2145 630 2332 676 Potest.
2409 618 2693 689 Commodi,
2730 646 2786 679 re
2823 636 3082 683 admodum

576 690 817 748 obscura,
859 697 1054 740 consule
1088 695 1271 740 Eckhel
1306 695 1367 740 D.
1411 695 1471 741 Ν.
1513 695 1563 742 8.
1603 710 1651 754 p.
1684 694 1806 743 ⁴18.
2356 714 2357 717 ’
2622 695 2635 712 ’

726 802 858 857 888.
913 793 1112 854 1)Νο
1154 794 1563 854 COMMODO
1625 796 1650 856 ΙΙ
1704 796 2010 856 FRATRI
2057 797 2083 857 ΙΙ
2140 799 2577 868 IMP.'CAES.
2619 800 2695 860 L.
2739 788 3081 864 SEPTIMI

574 885 867 946 SEVERI
904 888 1015 946 PH
1070 890 1095 948 ΙΙ
1149 889 1636 948 PERTINACIS
1682 890 1874 949 AVG.
1937 891 1964 951 ΙΙ
2018 892 2583 954 PRAEPOSITVS
2638 897 3078 967 CRESCENS.

573 981 938 1041 SCRIBAE.
993 982 1687 1043 FORTVNATIANVS
1733 985 1761 1043 ΙΙ
1816 985 2324 1046 FELICIANVS.
2373 988 2715 1062 QVINTIO
2760 995 2785 1051 ΙΙ
2829 993 3085 1051 EVTY..

572 1076 804 1135 CHES.
848 1076 1398 1135 PHILVMENVS.
1457 1078 1533 1136 D.
1576 1079 1653 1136 D.
1715 1110 1780 1122 —
1872 1079 2118 1158 Romae.
2200 1081 2377 1140 Grut.
2414 1086 2559 1156 261,
2604 1090 2660 1145 5.
2718 1086 2868 1145 cfr.
2913 1087 3075 1147 Mur.

568 1176 716 1242 245,
760 1181 819 1255 ²:
867 1182 929 1229 et
964 1172 1189 1229 Eckhel
1224 1171 1300 1229 D.
1341 1171 1512 1239 N.17.
1555 1192 1617 1249 p.
1655 1179 1785 1235 152.

720 1289 854 1349 889.
909 1285 1000 1343 De
1041 1284 1351 1344 Commodi
1385 1284 1624 1355 onre,
1670 1286 1953 1363 Crispina
1991 1288 2297 1366 Augusta,
2355 1290 2602 1367 eiusque
2639 1301 2814 1367 patre
2856 1304 2917 1351 et
2949 1295 3080 1351 fra-

570 1389 665 1435 tre
707 1380 842 1437 cfr.
901 1378 1125 1438 Marini
1173 1382 1320 1434 Atei.
1371 1397 1432 1456 p.
1475 1385 1609 1440 697.
1691 1380 1919 1438 Mentio
1976 1383 2103 1438 eius
2168 1380 2239 1441 fit
2310 1384 2373 1439 in
2430 1403 2643 1442 marm.
2704 1386 2915 1443 mutilo
2972 1407 3073 1464 ap.

572 1472 750 1531 Grut.
788 1480 930 1544 170,
977 1480 1031 1533 7.
1113 1472 1211 1530 Ad
1249 1472 1499 1530 eandem
1534 1475 1721 1531 refert
1760 1474 1980 1531 Saxius
2018 1474 2188 1531 Miss.
2224 1481 2278 1536 4.
2320 1495 2380 1552 p.
2419 1482 2551 1541 254.
2632 1478 2794 1537 Mur.
2824 1485 2968 1551 507,
3011 1490 3072 1540 2.

570 1567 737 1625 IMP.
791 1566 1000 1625 AVG.·
1026 1566 1514 1626 VESPASIANI
1558 1567 1582 1626 ΙΙ
1624 1567 1974 1627 PROSIAE
2024 1568 2471 1628 CRISPINAE.
2554 1572 2758 1643 Antii;
2801 1592 2832 1630 e
2871 1574 3079 1650 Vulpii

570 1663 738 1717 Latio
778 1662 854 1719 T.
885 1670 942 1725 5.
980 1681 1043 1738 p.
1075 1665 1169 1721 40.
1253 1659 1371 1719 Sed
1420 1661 1725 1720 BRVTIA
1778 1682 1900 1720 non
1952 1662 2250 1721 PROSIA
2300 1664 2676 1724 CRISPINA
2729 1665 2827 1725 illa
2880 1671 3079 1725 nomi-

570 1753 848 1814 nubatur.
927 1755 1273 1814 Notandum
1326 1774 1593 1833 quoque,
1655 1753 1769 1814 suh
1813 1756 2138 1814 Commodo
2183 1758 2280 1816 vel
2319 1759 2519 1835 paullo
2558 1771 2731 1836 post,
2790 1764 3077 1837 usurpari

569 1862 846 1927 coeptam
884 1868 1016 1908 esse
1054 1848 1372 1909 formulam
1406 1849 1492 1907 IN
1531 1848 1937 1909 HONOREM
1972 1848 2254 1910 DOMVS
2298 1852 2663 1912 DIVINAE.
2744 1873 2803 1913 v.
2847 1855 3072 1919 Marini

570 1947 725 2002 Atti.
810 1986 826 2001 .
854 1947 987 2005 647.
1030 1955 1090 2002 et
1127 1951 1259 2007 851.

719 1964 850 2118 850.
905 2057 984 2113 D.
1028 2056 1113 2114 M.
1166 2056 1192 2114 ΙΙ
1248 2055 1333 2116 Μ.
1375 2056 1721 2115 ΑΝΤΟΝΠ
1757 2057 1989 2115 ΑΝΤΠ
2027 2057 2218 2115 LVPI
2254 2058 2361 2117 PR
2414 2059 2439 2118 ΙΙ
2494 2056 2873 2119 PATRICII.
2926 2061 3077 2120 Av..

441 2122 444 2125 Ι
572 2148 848 2208 GVRIS..
883 2149 1232 2223 QVAEST.
1279 2149 1571 2209 SODAL.
1616 2140 1838 2208 TITII.
1884 2151 2072 2209 TRIB
2117 2155 2142 2211 n
2188 2151 2353 2209 MIL.
2396 2152 2579 2211 LEG.
2615 2143 2694 2210 ff
2734 2153 3067 2212 ADIVTR.

567 2245 778 2302 PIAE.
839 2244 1102 2302 FIDEL.
1162 2233 1401 2302 X‘vm
1460 2229 1636 2302 STL.
1697 2245 1860 2302 Νι).
1917 2245 2199 2303 PRAEF.
2254 2245 2411 2304 FER
2473 2246 2500 2305 u
2559 2247 2748 2304 LAT.
2828 2247 3069 2307 cvlvs

565 2338 1012 2398 MEMORIAM
1050 2339 1208 2396 PER
1246 2338 1396 2396 VIM
1436 2338 1846 2408 OPPRESSI.
1871 2338 1920 2414 ¹)
1960 2340 2046 2396 IN
2089 2340 2114 2398 ΙΙ
2156 2338 2584 2398 INTEGRVM
2625 2340 3070 2401 SECUNDVM

565 2431 1043 2491 AMPLISSIMI
1083 2430 1414 2492 0RD1NIS
1470 2431 1495 2490 ΙΙ
1552 2432 2074 2490 CONSVLTVM·
2105 2433 2574 2492 RESTITVTA
2612 2435 2790 2493 EST.
2808 2430 2891 2513 ²)‘
2928 2436 3070 2495 ‘SE-

564 2528 1008 2586 PVLCHRVM
1047 2525 1154 2585 AB
1195 2527 1301 2584 EO
1345 2524 1732 2585 COEPTVM
1790 2527 1815 2586 ΙΙ
1874 2526 2287 2585 CLAVDIAE
2334 2528 2742 2587 REGILLAE
2784 2530 3064 2590 VXORI.

561 2623 671 2680 ET
710 2623 1017 2680 ANTIAE
1057 2620 1637 2679 MARCELLINAE
1680 2621 1832 2678 FIL.
1881 2621 1906 2679 ΙΙ
1956 2621 2336 2680 PIETATIS
2381 2623 2605 2693 SVAE„
2634 2624 2856 2681 ERGA
2894 2624 3069 2683 EVM

565 2716 1216 2776 TESTIFICANDAE
1258 2715 1567 2773 GRATIA
1607 2715 1714 2772 ET
1761 2718 1785 2774 ΙΙ
1844 2714 2184 2774 NOMINIS
2227 2715 2409 2775 EIVS
2450 2716 2533 2775 IN
2573 2718 3068 2777 PERPETVVM

563 2811 1082 2873 CELEBRANDI
1141 2810 1725 2868 PERFECERVNT
1796 2809 2143 2869 ATFINES
2210 2811 2337 2887 (sic)
2408 2812 2433 2869 ΙΙ
2503 2810 2586 2870 Μ.
2658 2812 3064 2872 VALERIVS

562 2906 897 2964 BRADVA
924 2904 1360 2963 MAVRICVS.
1392 2904 1714 2962 PONTIF.
1760 2904 1867 2961 ET
1907 2904 2280 2962 ANTONIA
2307 2905 2716 2963 VITELLIA.
2766 2907 2790 2966 u
2833 2907 3066 2965 AMICI

569 3003 595 3059 ΙΙ
640 3000 716 3074 Q.
758 2998 1052 3063 FABIVS
1091 2997 1617 3057 IIONORATVS.
1662 2999 1738 3055 T.
1774 2998 2159 3056 ANNAEVS
2198 2998 2619 3058 PLACIDVS.
2670 3032 2733 3046 —·
2816 3001 3060 3058 Romae.

564 3096 742 3154 Grut.
779 3098 923 3162 556,
968 3101 1023 3153 1.
1102 3093 1252 3150 Post
1287 3094 1439 3149 hanc
1481 3094 1939 3170 inscriptionem
1985 3095 2048 3149 in
2088 3093 2220 3150 eod.
2267 3094 2385 3170 lap.
2426 3079 2833 3172 sequebantur
2866 3098 3089 3151 minu--

561 3199 658 3247 tae
696 3189 904 3246 literae
936 3187 1186 3245 Latinae
1227 3199 1285 3244 et
1326 3187 1614 3268 Graecae,
1659 3206 1810 3264 quae
1849 3198 2141 3244 vetustate
2180 3206 2368 3264 paene
2406 3199 2566 3247 totae
2612 3188 3059 3247 obsoleverunt.

558 3283 720 3342 Add.
766 3282 941 3348 Grut.
984 3301 1060 3339 ex
1096 3281 1397 3339 Mazochii
1438 3281 1667 3351 Cor-rig.
1706 3281 1782 3338 ad
1819 3286 1961 3350 169,
2014 3269 2105 3341 10ss

637 3384 686 3441 1)
735 3385 850 3429 Scin.
889 3399 919 3436 ιι
956 3384 1242 3429 Commodo.
1316 3353 1560 3440 LampridN.
1603 3383 1650 3427 iu
1688 3384 1791 3427 eius
1826 3384 1955 3430 Vita.
1997 3383 2055 3426 C.
2094 3380 2141 3428 7.
2183 3382 2438 3426 interemere
2469 3406 2537 3417 —·
2572 3382 2807 3428 Anicium
2843 3380 3059 3440 Lupum,

562 3455 646 3500 nbi
684 3455 806 3499 Cod.
844 3455 955 3499 Pal.
995 3455 1174 3499 rectius
1209 3453 1415 3499 Antium
1450 3452 1661 3511 Lupum.
1696 3450 1857 3497 ’Grut.
1952 3450 2004 3509 2)
2059 3453 2265 3508 Capitol.
2317 3455 2364 3498 iu
2404 3452 2688 3498 Pertinace.
2730 3453 2788 3497 C.
2822 3453 2868 3496 6.
2910 3453 3060 3497 Revo-

562 3526 695 3568 cavit
730 3524 880 3567 etiam
916 3537 1002 3568 eoa
1038 3526 1123 3582 qui
1158 3523 1406 3580 deportati
1423 3520 1643 3581 suerunt
1675 3524 1889 3566 erimine
1924 3523 2237 3578 maiestatis,
2295 3537 2466 3567 eorum
2513 3522 2758 3567 ’πωπω-ἑτι
2804 3528 3059 3579 reatuum,

562 3595 646 3655 qui
679 3595 840 3640 occisi
858 3589 1097 3657 suet-ant.
1171 3594 1278 3640 cfr.
1318 3595 1375 3638 de
1412 3593 1500 3639 hac
1534 3592 1754 3649 inscript.
1794 3593 1972 3638 Marini
2007 3591 2127 3638 Atei.
2166 3607 2214 3650 p.
2248 3590 2365 3637 181.

697 3832 1186 3895 Haonuavcnu
1228 3830 1561 3894 Excursus
1605 3829 1684 3891 ad
1723 3826 1977 3913 figlinas
2025 3826 2368 3893 Commodi
2412 3840 2474 3892 et
2518 3826 2909 3894 Pertinacis.

708 3988 1059 4051 Bimardum
1085 3991 1149 4047 in
1172 3989 1401 4042 Mur-at.
1426 3987 1654 4057 Proleg.
1680 4004 1741 4061 p.
1770 3992 1897 4045 122.
1929 3986 2005 4042 D.
2032 3984 2106 4043 ad
2128 3985 2301 4042 Grut.
2326 3990 2457 4055 262,
2486 3990 2543 4047 6.
2576 3998 2635 4043 et
2661 3991 2791 4055 253,
2822 3996 2877 4050 5.
2908 3986 3058 4074 (non

557 4072 703 4134 553,
747 4065 833 4143 3.)
873 4084 944 4122 ac
971 4067 1025 4122 si
1051 4065 1167 4122 duo
1196 4064 1433 4120 diversa
1461 4073 1662 4119 essent
1686 4065 2112 4139 epigrammata
2130 4104 2145 4128 ,
2191 4080 2374 4138 quum
2398 4064 2641 4119 nonnisi
2669 4082 2853 4118 uuum
2880 4074 2977 4131 sit,
3021 4082 3057 4118 a

558 4145 827 4203 Grutero
852 4139 945 4197 bis
974 4140 1177 4196 datum
1200 4158 1564 4215 provocasse
1595 4137 1907 4196 Commodi
1947 4148 2071 4193 tum
2100 4138 2507 4212 praenominis
2526 4180 2541 4204 ,
2583 4148 2712 4194 tum
2748 4138 3058 4208 titulorum

560 4221 689 4279 eius
716 4216 1140 4294 principalium
1166 4234 1410 4283 caussa,
1455 4216 1659 4271 notavi
1699 4213 1774 4270 ad
1814 4223 2129 4289 utrumque
2157 4211 2405 4269 G-ruteri
2428 4212 2647 4269 locum.
2718 4213 2844 4272 cfr.
2876 4215 3053 4271 Grut.

558 4303 691 4362 177,
722 4301 778 4352 2.
812 4298 942 4359 178,
974 4296 1030 4350 4.
1087 4292 1174 4347 Ita
1203 4310 1344 4347 mox
1370 4291 1527 4348 idem
1545 4288 1865 4347 Bimardus
1891 4308 1951 4363 p.
1980 4294 2109 4347 124.
2142 4288 2395 4344 similem
2421 4290 2738 4346 committit
2762 4307 3053 4357 errorem,

559 4369 637 4429 ob
657 4385 1023 4445 praenomen
1043 4366 1126 4423 M.
1152 4366 1462 4424 Commodi
1487 4366 1694 4422 ultimo
1721 4365 1958 4438 imperii
1984 4365 2111 4420 eius
2136 4382 2296 4420 anno
2315 4383 2656 4439 provocans
2684 4363 2760 4420 ad
2788 4364 2933 4421 duas
2962 4366 3061 4421 in-

558 4446 920 4520 scriptiones
949 4443 1124 4499 Grut.
1157 4447 1298 4510 184,
1345 4450 1398 4499 1.
1444 4452 1501 4498 et
1527 4442 1684 4498 Don.
1722 4438 1915 4497 class.
1946 4438 2024 4496 Π.
2060 4447 2189 4498 127.
2211 4482 2226 4507 ,
2272 4459 2417 4516 quas
2452 4442 2697 4497 nonnisi
2720 4458 2902 4510 unam
2928 4457 3061 4498 esse

557 4521 748 4579 velex
769 4519 942 4577 Gorii
962 4528 1102 4574 nota
1128 4520 1423 4592 potuisset
1444 4516 1672 4585 videre,
1695 4535 1833 4592 pag.
1860 4518 2060 4590 operis
2083 4516 2345 4572 Doniani
2365 4520 2459 4575 99.
2491 4526 2756 4574 extrema
2778 4516 2924 4572 haec
2946 4533 3066 4571 no·-

553 4598 773 4655 tantis:
816 4601 945 4652 127.
987 4596 1262 4647 Mane-am
1296 4594 1469 4645 ediclt't
1499 4593 1643 4644 hanc
1673 4598 2095 4663 inscriptionem
2128 4593 2305 4661 sigilli
2334 4598 2598 4662 antiquae
2626 4591 2871 4661 figlinae
2895 4592 3059 4644 Grn-

555 4684 708 4727 terus
743 4675 867 4736 184,
899 4678 954 4728 1.
984 4678 1100 4724 cet.
1170 4666 1332 4739 Quid
1358 4668 1570 4724 fuisset
1595 4669 1894 4734 futurum,
1940 4669 1991 4724 si
2020 4666 2338 4724 Bimardus
2368 4666 2681 4742 epistolam
2706 4677 2878 4724 suain
2901 4667 3063 4723 scri-

554 4751 777 4825 psisset
812 4753 952 4821 post
987 4743 1209 4800 editum
1237 4742 1635 4799 Muratoriani
1674 4742 1974 4799 Thesauri
2009 4743 2264 4799 Tomum
2290 4743 2337 4798 l.
2361 4784 2376 4810 ‚
2422 4744 2485 4797 in
2517 4744 2686 4799 cuius
2716 4759 2778 4816 p.
2808 4746 2954 4810 545,
3000 4748 3058 4799 1.

552 4835 624 4885 ut
660 4821 881 4880 inedita
924 4818 1098 4876 datur
1137 4820 1487 4893 inscriptio,
1544 4835 1693 4893 quae
1724 4818 1971 4874 Gruteri
2012 4828 2070 4873 et
2105 4817 2288 4874 Douii
2327 4835 2510 4892 opera
2551 4819 2669 4873 iam
2706 4814 3060 4893 prodierat?

553 4917 709 4960 anne
741 4907 1045 4973 tamquam
1075 4893 1152 4953 ad
1177 4905 1302 4951 tres
1328 4893 1600 4951 diversas
1629 4894 2057 4968 inscriptiones
2087 4894 2263 4950 Grut.
2292 4892 2451 4950 Don.
2482 4904 2543 4950 et
2568 4892 2728 4949 Mur.
2760 4905 3062 4968 provoca-
