3502 5487
687 488 799 549 47⁸
1057 484 1126 543 C.
1167 484 1329 543 VIII.
1407 480 1795 541 NOMINVM
1831 483 2086 543 RATIO
2128 483 2349 543 APVD
2389 484 2805 545 ROMANos.

623 680 626 683 ,
694 664 702 677 ,
839 613 912 675 L.
971 613 1313 690 (LVCIA.)
1364 619 1505 680 535,
1558 615 1648 672 14.
1706 613 1775 669 L.
1815 613 2218 668 Macedonicae
2264 632 2340 672 ex
2375 614 2495 690 lap.
2535 613 2925 692 Hispaniensi
2965 634 3196 691 snspe-

687 718 809 775 cto.
850 732 927 753 --
961 710 1105 775 547,
1151 712 1204 765 5.
1285 705 1356 763 L.
1409 704 1677 762 AELIA.
1715 722 1797 761 ex
1843 706 1963 781 lap.
2017 707 2225 764 mutilo
2268 719 2330 764 et
2369 719 2691 783 corrupto,
2744 708 3197 786 legendumque

685 802 944 863 fortasse
981 798 1302 857 LAELIA.
1363 830 1425 841 —
1493 804 1635 867 552,
1685 806 1743 855 2.
1822 798 2065 857 LVCIA
2107 798 2605 860 VALENTINA.
2653 801 2929 860 omnibus
2982 803 3193 862 literis

691 896 980 969 scriptum
1020 893 1385 970 gentilicium
1430 902 1520 949 est
1563 910 1801 947 nomen.
1852 923 1914 934 —
1955 897 2099 963 458,
2142 897 2197 952 4.
2254 895 2320 950 L.
2367 896 2609 950 Caecilia
2640 898 3059 969 ‘Alentitaoeest
3094 895 3196 952 12..

687 988 785 1062 pis
833 985 1257 1043 Verderianus.
1339 984 1442 1041 Sic
1499 1003 1711 1040 rursus
1765 988 1906 1054 441,
1964 991 2018 1048 9.
2116 985 2407 1044 Maiorem
2448 989 2651 1067 utique
2689 987 2869 1047 fidem
2911 1001 3194 1046 meretur

689 1083 833 1157 447,
876 1085 932 1139 5.
956 1120 972 1147 ,
1016 1078 1173 1155 quod
1213 1081 1502 1154 repetitur
1529 1079 1669 1147 448,
1711 1081 1782 1138 9:
1864 1079 1925 1132 L.
1966 1079 2246 1133 Peduceae
2283 1082 2537 1135 Iulianae
2548 1105 2570 1145 ,·
2609 1100 2686 1139 ex
2711 1082 2946 1140 schedis
2980 1093 3195 1140 tamen

688 1173 1015 1247 profertur.
1098 1172 1319 1230 Contra
1363 1178 1503 1239 528,
1548 1178 1602 1233 8.
1709 1169 1781 1227 L.
1827 1171 2203 1229 AVRELIA.
2250 1173 2536 1233 SATVR.
2587 1175 2823 1233 videtur
2857 1177 3064 1251 potius
3120 1176 3193 1232 L.

691 1268 1035 1319 Aurelianus
1075 1268 1267 1319 Satur.
1318 1296 1379 1307 —
1439 1268 1581 1331 576,
1632 1269 1685 1323 5.
1741 1263 2058 1340 legendum
2103 1276 2193 1321 est
2236 1267 2558 1338 Zmaragdi
2594 1268 2890 1344 L.(1·berti)
2935 1271 3197 1322 Domitia·

691 1360 1045 1430 Apollinaris
1082 1356 1292 1434 (servi)
1337 1358 1696 1414 Cubicularit'.
1737 1357 2011 1414 ΗΑΟΒΝΒ.
2063 1363 2207 1427 627,
2254 1364 2310 1419 9.
2377 1362 2463 1416 L.-
2486 1363 2692 1416 Lartia
2735 1361 3054 1419 admodum
3095 1373 3196 1418 est

647 1502 663 1514 „
696 1449 894 1509 dubia.
924 1482 985 1494 --
1015 1456 1147 1520 635,
1180 1458 1271 1510 10.
1318 1452 1383 1505 L.
1405 1451 1713 1522 Pomponia
1734 1463 1826 1507 est
1845 1453 1910 1506 L.
1931 1453 2373 1524 Pomponianus,
2401 1465 2467 1510 ut
2488 1457 2709 1512 rectius
2728 1456 2883 1513 idem
2904 1453 3193 1531 Scaliger

694 1546 821 1600 Ind.
851 1552 941 1605 20.
983 1576 1040 1587 -—
1074 1546 1201 1614 734,
1235 1554 1288 1604 1.
1330 1547 1398 1599 L.
1423 1546 1633 1598 Rutilia
1654 1546 1923 1599 severina
1953 1545 2200 1603 debetur
2218 1547 2532 1624 Pingonio.
2575 1580 2639 1591 —
2679 1550 2878 1607 Minus
2901 1559 3195 1623 suspecta

694 1650 792 1696 est
813 1644 940 1708 752,
963 1644 1019 1699 9.
1047 1639 1116 1694 L.
1140 1638 1484 1696 AFRENA.
1509 1637 1577 1694 C.
1607 1638 1673 1694 F.
1700 1637 2096 1695 SECVNDA.
2121 1669 2183 1689 ,-
2205 1645 2333 1706 757,
2368 1653 2419 1699 1.
2461 1640 2533 1698 L.
2557 1642 2853 1700 ARCIAE
2876 1653 2970 1699 eat
2987 1642 3196 1699 LAR-

700 1731 907 1789 CIAE.
933 1762 1019 1783 ,--
1051 1739 1179 1803 787,
1203 1739 1257 1792 5.
1303 1733 1367 1787 L.
1395 1734 1608 1786 Gemin.
1627 1732 1921 1804 Myr-tues:
1950 1732 2054 1805 „L.
2080 1752 2201 1789 non
2223 1731 2398 1791 hahet
2416 1734 2628 1810 lapis.”
2656 1736 2812 1794 Gud.
2851 1767 2914 1779 —
2958 1739 3095 1802 845,
3128 1744 3192 1796 8.

697 1824 775 1886 L.
817 1837 907 1883 est
948 1832 1373 1899 quinquaginta.
1445 1857 1508 1868 —
1567 1831 1708 1893 859,
1774 1834 1827 1884 1.
1895 1846 2008 1901 ΡΝ)
2053 1826 2124 1883 L·
2174 1828 2506 1885 ATILIAE
2546 1828 2861 1887 CVPITO.
2916 1829 3189 1886 Zachar.

698 1921 944 1975 Excurs.
990 1923 1077 1975 lit.
1120 1938 1181 1994 p.
1227 1926 1319 1981 53.
1361 1920 1583 1975 rectius
1629 1918 1730 1974 dat
1768 1917 1839 1974 L.
1882 1917 2160 1983 ATILIO
2202 1918 2519 1976 CVPITO.
2581 1950 2643 1962 -
2697 1925 2834 1989 861,
2887 1928 2942 1981 7.
2992 1921 3189 1997 (Mur.

700 2019 882 2083 1077,
928 2012 1010 2088 1.)
1052 2023 1141 2070 est
1176 2013 1326 2088 lapis
1355 2012 1803 2087 Hispaniensis,
1847 2028 1877 2066 e
1918 2011 2150 2067 schedis
2190 2012 2492 2069 dumtaxat
2529 2013 2816 2089 prolatus.
2852 2045 2917 2058 —-
2949 2018 3097 2082 867,
3126 2019 3193 2075 6.

699 2094 773 2164 L.
817 2100 1114 2182 significat
1149 2107 1376 2160 Libet-tu
1343 2126 1425 2160 u.s
1477 2106 1749 2162 HAonmn.
1804 2133 1866 2146 -—
1921 2108 2064 2174 886,
2107 2109 2164 2164 6.
2245 2104 2317 2162 L.
2359 2108 2490 2161 Libe
2493 2117 2619 2175 rea,
2666 2107 2894 2164 collatis
2934 2114 3085 2174 885,
3132 2115 3195 2168 5.

703 2211 764 2257 et
800 2205 1115 2268 951,11.,
1170 2197 1271 2256 ubi
1315 2202 1650 2263 accuratius
1688 2200 1998 2274 repetitur.
2076 2229 2152 2241 ——
2236 2204 2382 2269 901,
2431 2207 2523 2259 22.
2627 2199 2699 2258 L.
2761 2201 3008 2258 APPIA
3057 2201 3200 2277 lege

704 2292 1022 2351 LAPPIA.
1074 2292 1340 2350 Fabrett.
1395 2323 1456 2336 -·
1512 2298 1653 2361 951,
1699 2299 1751 2348 2.
1836 2291 1907 2348 L·.
1949 2310 2160 2347 rursus
2202 2304 2295 2349 est
2336 2284 2467 2347 Lib'e
2469 2303 2565 2347 νιιι
2531 2315 2626 2362 ιιι·
2698 2295 2893 2352 iudice
2938 2293 3201 2371 Hagen-

704 2386 954 2444 buchio.
1010 2387 1166 2444 idem
1210 2387 1364 2443 valet
1406 2386 1476 2443 de
1515 2384 2123 2453 959,11.L.L1·eh
2127 2396 2255 2457 tta,
2294 2388 2434 2443 item
2471 2388 2543 2444 de
2575 2393 2724 2457 968,
2766 2393 2823 2449 6.
2865 2399 2927 2445 et
2965 2392 3106 2454 999,
3131 2396 3196 2448 7.

711 2512 774 2524 ·-
819 2482 939 2538 Pro
976 2483 1151 2536 Lucia
1192 2483 1462 2535 Filiacnla
1503 2479 1677 2536 Grut.
1722 2484 1863 2545 441,
1908 2483 1963 2535 9.
1988 2520 2002 2547 ,
2076 2498 2223 2555 quae
2286 2491 2415 2536 erat
2477 2494 2751 2557 suspecta
2807 2481 3055 2538 Maffeio
3111 2483 3198 2540 A.

708 2574 778 2634 C.
819 2574 893 2632 L.
935 2593 996 2650 p.
1043 2578 1199 2643 540„
1241 2575 1394 2649 lapis
1438 2576 1596 2648 ipse,
1639 2582 1788 2628 teste
1817 2568 2014 2626 Lahus
2051 2575 2372 2626 Dissertaz.
2418 2594 2479 2649 p.
2524 2579 2617 2636 29.
2658 2574 2834 2641 habet
2868 2575 2945 2631 L.
2974 2575 3024 2631 F
3030 2574 3201 2632 [Ua.

705 2668 1047 2726 PACVLA.
1083 2699 1145 2710 -
1177 2668 1397 2725 Murat.
1431 2673 1595 2735 1050,
1631 2674 1681 2722 1.
1707 2678 1799 2722 est
1824 2665 2241 2740 Hispaniensis
2261 2669 2727 2743 suspectissima.
2774 2670 2915 2723 Ibid.
2938 2670 3116 2740 1212,
3141 2676 3196 2729 2.

712 2781 746 2819 e
783 2763 1051 2830 schedia,
1096 2762 1309 2838 procul
1343 2759 1522 2819 dubio
1564 2761 1908 2837 Ligariana.

857 2845 941 2913 Μ.
999 2855 1365 2931 (MARCA.)
1419 2861 1559 2923 572,
1609 2862 1663 2917 5.
1744 2857 1832 2907 Μ.
1863 2854 2129 2906 Aureliae
2161 2855 2531 2908 Marcellmae
2574 2874 2649 2912 ex
2689 2856 2883 2933 lapide
2928 2856 3194 2933 Hispan.

638 3000 644 3005 .
714 2948 834 3008 Sed
880 2949 980 3008 ubi
1017 2952 1274 3026 primum
1310 2950 1526 3034 legitur
1563 2954 1705 3015 325,
1749 2955 1842 3014 8.,
1901 2965 2267 3023 praenomen
2317 2950 2542 3005 rectius
2581 2947 2767 3007 abest.
2811 2980 2892 2994 —
2936 2957 3089 3019 554,
3135 2960 3197 3014 3.

710 3045 801 3098 Μ.
834 3047 923 3097 Μι
923 3050 1069 3096 ιίιιαι
1049 3063 1157 3098 tae.
1199 3043 1282 3100 M.
1326 3042 1626 3099 residuum
1665 3040 1898 3098 videtur
1934 3041 2219 3097 formulae
2262 3039 2340 3096 D.
2386 3041 2505 3098 Μ.
2491 3085 2505 3112 ,
2543 3043 2811 3122 idemque
2849 3043 3051 3102 valere
3095 3065 3203 3116 ar-

713 3135 908 3194 bitror
946 3137 1016 3193 de
1058 3142 1329 3204 751,10.
1411 3135 1512 3193 Sic
1557 3146 1617 3191 et
1660 3119 1803 3202 885,
1850 3139 1978 3201 14.,
2009 3134 2167 3212 quod
2203 3137 2496 3209 repetitur
2527 3142 2699 3205 1042,
2745 3145 2880 3198 10.·
2924 3138 3009 3195 Μ.
3047 3141 3205 3192 Ma-

715 3233 843 3284 niba
826 3251 871 3282 es
908 3241 1103 3306 potest
1141 3227 1513 3306 significare3
1587 3231 1700 3287 etsi
1749 3240 1840 3286 est
1885 3228 2036 3303 lapis
2082 3228 2499 3304 Hispaniensis
2539 3232 2601 3286 in
2640 3233 2892 3306 gratiam
2930 3251 3205 3307 praeno-

714 3327 942 3382 minum
980 3326 1043 3376 Pe
1042 3326 1205 3376 chliea
1237 3335 1294 3379 et
1332 3326 1567 3376 Marcae
1604 3324 1858 3402 fortasse
1898 3319 2209 3378 confictus.
2290 3325 2455 3375 Mam
2450 3325 2527 3374 bu
2494 3344 2560 3375 ιιι·
2588 3324 2719 3400 lego
2757 3327 2936 3381 etiam
2970 3331 3110 3395 910,
3142 3332 3198 3385 4.

717 3420 910 3496 Magis
951 3415 1192 3474 dubium
1237 3428 1325 3474 est
1362 3421 1503 3483 961,
1558 3421 1615 3476 6.
1714 3417 1798 3473 Μ.
1858 3415 2234 3472 ARVLEIA.
2308 3416 2375 3473 C.
2442 3416 2513 3471 L.
2574 3416 2926 3474 HELPISA
2976 3422 3204 3476 etenim

717 3513 873 3570 haud
913 3514 1086 3568 nimis
1125 3511 1318 3586 placet
1343 3513 1500 3563 Μαι-ι
1500 3512 1568 3561 ele
1541 3517 1648 3563 eia.
1699 3541 1777 3552 —
1831 3510 2005 3576 1041,
2048 3515 2105 3568 9.
2184 3512 2272 3563 M.
2307 3511 2480 3582 leia
2515 3512 2691 3564 Mode
2694 3521 2818 3574 s,·ta
2859 3511 2967 3567 sed
3005 3512 3203 3587 Apia-

721 3626 833 3680 nus
861 3626 919 3681 p.
952 3612 1093 3673 255,
1123 3613 1178 3661 2.
1201 3648 1215 3673 ,
1259 3623 1334 3660 ex
1361 3624 1476 3681 quo
1514 3602 1690 3659 hahet
1717 3605 2011 3659 Gruterus
2030 3644 2045 3671 ,
2085 3621 2450 3678 praenomen
2477 3605 2743 3680 ignorat,
2788 3604 2945 3681 quod
2985 3624 3204 3663 errore

705 3703 923 3777 ,aliquo
963 3689 1176 3756 natum*
1209 3698 1443 3778 videtur
1491 3717 1565 3754 ex
1608 3697 2002 3771 praecedente
2040 3697 2115 3752 D.
2165 3697 2248 3752 Μ.
2286 3727 2348 3738 -
2405 3701 2549 3766 977,
2593 3701 2683 3760 15.
2741 3698 2822 3755 Μ.
2863 3697 2957 3756 his
2999 3702 3211 3757 iuver·

723 3813 886 3851 sum:
964 3793 1047 3851 W.
1098 3791 1403 3870 Scaligero
1440 3807 1803 3867 praenomen
1846 3803 1938 3847 est
1974 3791 2269 3846 mulieris:
2336 3810 2448 3847 nos
2507 3792 2579 3847 de
2633 3790 2928 3867 lapidibus
2974 3792 3209 3869 Hispa-

722 3886 1029 3945 niensibus
1068 3884 1283 3962 ubique
1331 3884 1699 3962 ambigimus,
1766 3915 1827 3927 —
1884 3885 1974 3940 De
2026 3883 2220 3960 lapide
2266 3884 2334 3942 P.
2381 3884 2577 3942 Servii
2615 3886 2770 3963 apud
2804 3885 3209 3964 Cannegieter

723 3984 893 4063 Nom.
934 3981 1063 4034 Rat.
1105 3982 1167 4035 in
1204 3980 1461 4035 Praesat.
1505 3979 1671 4034 valde
1713 3977 1934 4035 dubito.

871 4093 950 4149 N.
1008 4089 1454 4166 (NVMERIA)
1500 4092 1612 4146 etsi
1656 4109 1790 4147 cum
1831 4092 2008 4147 Petro
2052 4089 2265 4148 Servio
2307 4093 2579 4167 agnoscit
2619 4071 3016 4169 Cannegieter
3057 4091 3210 4152 ibid.

707 4190 970 4250 „omnino
1033 4197 1123 4246 est
1177 4184 1640 4260 explodendum:
1722 4204 1863 4240 nam
1917 4187 2059 4252 680,
2111 4188 2201 4242 14.
2262 4203 2373 4258 pro
2427 4184 2494 4242 C.
2543 4185 2817 4243 DIDIVS
2863 4185 3132 4244 CELER
3183 4206 3210 4260 Ι

725 4283 803 4340 Ν.
861 4279 1086 4338 IVNIA
1136 4277 1681 4335 MARCELLINA.
1729 4279 1793 4336 in
1822 4277 2014 4352 lapide
2043 4280 2174 4352 ipso
2200 4277 2416 4353 legitur
2461 4279 2528 4336 C.
2570 4279 2842 4356 DIDIVS
2883 4280 3211 4341 CELER!

726 4377 805 4433 N.
853 4375 960 4432 ET
1003 4373 1248 4430 IVNIA.
1309 4391 1365 4429 v.
1416 4370 1616 4427 Maffei
1661 4370 1964 4425 Omervaz.
2000 4373 2186 4430 letter.
2232 4372 2306 4427 T.
2348 4374 2405 4428 4.
2445 4392 2506 4447 p.
2550 4377 2680 4433 556.
2729 4375 2841 4440 ita,
2904 4384 2970 4435 ut
2994 4392 3216 4432 verum

730 4472 839 4526 sit:
895 4469 962 4525 C.
1009 4464 1280 4523 DIDIVS
1336 4464 1738 4522 CELERMN.
1788 4464 1893 4520 ET
1944 4464 2190 4520 IVNIA.
2280 4494 2358 4507 —
2431 4473 2574 4535 882,
2631 4476 2723 4524 10.
2768 4466 2847 4524 N.
2894 4466 3216 4526 ARENIA

733 4561 890 4638 apud
934 4561 1231 4635 Apianum
1274 4578 1335 4634 p.
1385 4562 1514 4617 441.
1563 4569 1725 4614 recte
1771 4559 2036 4633 iungitur
2071 4557 2457 4614 NARENIA.

879 4655 950 4714 P.
1006 4652 1351 4710 PVBLIAE
1403 4663 1612 4709 contra
1660 4669 2027 4726 praenomen
2061 4670 2189 4707 non
2230 4670 2477 4726 possum
2519 4670 2640 4709 non
2680 4671 3046 4729 agnoscet-ex
3102 4657 3223 4713 etsi

733 4752 797 4808 in
840 4750 953 4805 hoe
991 4763 1222 4824 quoque
1262 4747 1497 4820 saepius
1536 4744 1776 4820 decepta
1817 4756 1908 4802 est
1944 4744 2236 4819 Scaligeri
2272 4745 2593 4822 diligentia.
2676 4744 2799 4805 Sed
2842 4748 3079 4824 singula
3125 4752 3227 4809 vi-

736 4845 1009 4912 deamus,
1077 4838 1261 4904 veluti
1296 4840 1497 4895 statim
1536 4840 1601 4894 in
1644 4841 1913 4896 omnium·
1948 4839 2144 4914 primo
2186 4844 2289 4908 15,
2320 4846 2395 4911 Α,5.
2474 4839 2544 4897 Ρ.
2584 4831 2837 4899 VINIA.
2882 4842 3041 4917 lapis
3089 4845 3227 4919 ipse
