3502 5487
668 454 747 514 m
1126 414 1131 423 ’
1507 453 2308 552 ΡΒΑΕξΑΤῑα

664 621 1013 705 confugere
1072 633 1443 705 cogeretur.
1538 621 2118 706 'palaeographiae
2191 633 2398 685 autem
2486 622 2896 686 vehementer
2960 627 3150 688 doleo

663 733 891 794 nullam
936 733 1073 796 fere
1119 734 1428 797 rationem
1474 756 1509 797 a
1556 756 1653 797 me
1696 734 1925 797 haberi
1967 734 2298 817 potuisse,
2350 754 2485 797 eam
2532 738 2618 798 ob
2649 757 2926 811 causam,
2977 740 3151 821 quod

661 847 920 907 deerant
964 845 1101 927 typi
1147 844 1364 909 idonei
1410 849 1490 908 ad
1532 867 1725 909 nexas
1774 846 1909 910 sive
1954 845 2184 930 ligatas
2220 845 2619 928 potissimum
2653 847 2869 911 literas
2898 848 3162 937 imitans

660 960 808 1030 das,
860 979 975 1018 nec
1021 958 1227 1022 libero
1275 957 1510 1021 bomini
1555 959 1866 1022 Helvetio
1910 959 2144 1042 regalis
2188 956 2394 1044 aliqua
2442 961 2864 1023 munificentia
2910 962 3146 1024 subve-

658 1068 903 1145 niebat,
975 1091 1180 1153 neque
1241 1069 1302 1132 in
1350 1071 1520 1133 dubii
1564 1070 1777 1135 exitus
1821 1071 2140 1153 inceptum
2184 1070 2410 1134 nimios
2454 1082 2745 1153 sumptus
2790 1083 2858 1134 ut
2901 1072 3147 1156 impen-

657 1184 835 1243 deret
866 1182 1351 1246 honestissimus
1391 1185 1789 1266 redemptor,
1839 1205 1983 1246 meo
2014 1183 2151 1246 iure
2181 1184 2513 1265 postulare
2544 1194 2858 1266 poteram.
2935 1176 3144 1248 Nemo

656 1294 852 1377 igitur
896 1297 1014 1357 hac
1059 1297 1141 1357 de
1183 1316 1254 1357 re
1299 1317 1538 1358 mecum
1584 1296 1831 1378 litiget,
1881 1296 1987 1358 vel
2033 1297 2190 1358 adeo
2240 1295 2647 1379 digladietur.
2737 1299 2888 1361 Nou
2933 1297 3147 1379 potui,

655 1405 934 1489 inquam.
1027 1409 1132 1469 Tu
1162 1408 1215 1469 si
1252 1410 1539 1488 potueris
1563 1452 1580 1481 ,
1632 1428 1759 1492 ego
1789 1408 2085 1489 plaudam
2115 1428 2258 1470 cum
2296 1407 2544 1490 primis.
2635 1409 2890 1473 Utinam
2937 1420 3144 1472 autem

656 1519 939 1599 placeret
979 1518 1275 1601 Koppio,
1314 1520 1407 1581 V.
1442 1518 1578 1593 CL,
1614 1520 1718 1589 cui
1749 1521 1810 1581 in
1840 1521 1973 1584 hoc
1994 1541 2227 1603 genere
2259 1540 2477 1583 omnes
2508 1542 2670 1582 nunc
2700 1521 2937 1602 primas
2969 1522 3143 1585 defe-

653 1643 843 1703 runt,
885 1631 986 1693 vel
1009 1632 1315 1717 integram
1339 1632 1879 1715 palaeographiae
1904 1632 2092 1694 etiam
2116 1631 2388 1694 Latinae
2415 1633 2764 1696 doctrinam
2792 1654 3139 1715 exponere,

655 1744 755 1805 vel
801 1743 1079 1805 eiusdem
1126 1745 1343 1809 saltem
1400 1745 1842 1827 compendium
1903 1743 2287 1806 discentibus
2325 1744 2674 1809 exhibere!
2795 1748 2936 1808 Nec
2978 1766 3142 1809 vero

654 1854 846 1917 bodie
890 1866 1040 1937 post
1082 1856 1611 1940 lithographicam
1658 1869 1856 1919 artem
1900 1856 2215 1919 inventam
2262 1878 2367 1918 res
2405 1870 2499 1919 est
2529 1857 2710 1919 nimis
2743 1868 3142 1940 sumptuosa,

657 1965 930 2051 ideoque
976 1967 1237 2031 eruditis
1270 1967 1630 2032 bominibus
1663 1972 2000 2052 denegata.
2092 1968 2404 2031 Libenter
2434 1968 2723 2054 equidem
2758 1970 2859 2032 vel
2891 1980 3144 2031 centum

653 2080 897 2141 tabulas
964 2079 1469 2164 lithographicas
1538 2079 1705 2144 libro
1773 2102 1917 2144 meo
1985 2080 2287 2165 subiungi
2358 2102 2676 2144 curassem
2704 2125 2721 2157 ,
2799 2083 3144 2145 dummodo

652 2191 952 2255 licuisset.

824 2305 996 2368 Meis
1032 2317 1238 2368 autem
1286 2304 1350 2367 in
1389 2304 1901 2371 adnotationibus
1935 2304 2414 2371 conscribendis
2449 2304 3144 2390 Hagenbuchianisque

653 2417 1071 2499 excerpendis
1116 2416 1419 2480 brevitati
1463 2418 1740 2482 maximo
1788 2438 1988 2499 opere
2033 2418 2276 2494 studui,
2349 2417 2464 2481 nisi
2520 2417 2626 2480 ubi
2669 2439 2773 2480 res
2833 2417 3006 2500 ipsa,
3073 2428 3145 2480 ut

653 2529 843 2592 latius
889 2529 1274 2614 aliquantum
1319 2530 1748 2613 exspatiarer.
1821 2533 2153 2595 suaderet:
2230 2530 2674 2613 inscriptiones
2733 2530 2896 2593 enim
2954 2551 3143 2613 quam

648 2642 956 2722 plurimas
999 2641 1063 2704 in
1109 2643 1489 2724 compendio
1534 2642 1777 2705 licitum
1822 2626 2028 2717 esset,
2077 2665 2203 2707 non
2250 2664 2411 2705 vero
2454 2642 2943 2706 commentarios
2989 2643 3142 2704 dare

650 2754 1125 2818 constitueram.
1265 2755 1406 2834 Qua
1483 2755 1548 2817 in
1620 2776 1693 2816 re
1772 2755 1826 2817 si
1905 2755 2058 2837 quid
2133 2765 2462 2836 peccatum
2537 2765 2667 2827 est,
2745 2756 2991 2815 abunde
3047 2753 3135 2826 id,

650 2866 926 2947 opinor,
990 2861 1503 2948 compensabitur
1559 2865 1911 2947 appendice
1971 2865 2205 2941 altera,
2278 2864 2603 2927 variorum
2651 2864 2954 2946 epistolas
2999 2863 3138 2946 epi-

651 2977 987 3062 graphicas
1035 2978 1435 3053 continente,
1485 2998 1679 3071 quas,
1728 2979 1848 3039 hac
1892 2975 2116 3040 edendi
2161 2974 2639 3059 opportunitate
2680 2977 2852 3038 haud
2896 2976 3136 3051 oblata,

649 3092 982 3153 diuturnae
1019 3092 1317 3153 tenebrae
1360 3089 1423 3152 in
1468 3099 1798 3172 posterum
1830 3110 2089 3174 quoque
2117 3087 2528 3170 pressissent.
2619 3089 3139 3168 Typothctarum

650 3202 991 3285 specimina
1024 3203 1206 3285 ipse,
1263 3214 1488 3286 quater
1526 3201 1817 3285 singula,
1874 3200 2226 3265 emendavi.
2314 3203 2598 3264 Errores
2649 3200 2928 3283 aliquot,
2990 3221 3141 3282 per-

647 3338 891 3398 paucos
936 3326 1169 3392 tamen,
1217 3315 1309 3378 sic
1351 3336 1607 3399 quoque
1649 3314 2048 3390 remansisse,
2084 3335 2402 3397 nunquam
2431 3314 2714 3398 negabo.
2775 3313 2904 3376 Sed
2930 3313 3140 3374 nullus

648 3428 1053 3510 publicorum
1102 3449 1439 3491 censorum
1479 3431 1782 3511 (quorum
1820 3427 2134 3510 benignus
2179 3447 2346 3489 nuuc
2388 3436 2483 3487 est
2526 3425 2851 3496 numerus)
2897 3423 3137 3488 erroris

647 3563 746 3605 me
785 3553 1117 3617 accusato,
1161 3539 1733 3624 antequam'libros
1765 3561 2020 3614 omues,
2069 3559 2340 3625 quorum
2383 3536 2822 3600 auctoritatem
2869 3534 3137 3617 singulis

645 3653 710 3716 in
746 3654 906 3718 locis
946 3654 1163 3727 laudo,
1210 3658 1344 3735 ipse
1375 3651 1748 3735 inspexerit.
1838 3650 2093 3714 Etenim
2131 3651 2301 3725 scio,
2351 3669 2448 3716 me
2486 3659 2549 3712 et
2583 3656 2881 3710 accurate
2915 3645 3135 3711 titulos

645 3767 1155 3848 transcripsisse,
1227 3778 1290 3830 et
1355 3767 1615 3840 sedulo,
1691 3776 1762 3827 ut
1827 3763 2018 3826 officii
2083 3760 2204 3824 mei
2268 3771 2445 3836 erat,
2516 3780 2734 3824 omncs
2789 3757 3038 3821 tabulas
3099 3778 3135 3821 a

647 3881 998 3960 typothetis
1037 3878 1185 3941 mihi
1223 3879 1443 3941 missas
1483 3876 1872 3940 correxisse.

816 3993 1146 4073 Apparatu
1181 4001 1385 4053 autem
1417 3989 1970 4088 Hagcnbuchiano
2011 3985 2365 4049 accuratius
2400 3980 2742 4057 recensito,
2789 3981 3129 4056 librorum,

645 4103 874 4187 quibus
919 4114 1250 4183 praeterea
1297 4124 1445 4164 usus
1490 4124 1669 4175 sum,
1716 4099 1982 4161 indicem
2029 4120 2166 4162 cum
2216 4101 2539 4161 dumtaxat
2584 4096 2669 4157 ob
2716 4075 2904 4157 finem
2951 4092 3132 4158 exbi-

642 4217 808 4289 beo,
857 4226 924 4277 ut
970 4226 1033 4277 et
1076 4225 1300 4284 notae,
1350 4213 1579 4298 quibus
1624 4167 1911 4296 singulos
1958 4209 2327 4295 designavi,
2378 4206 2626 4270 facilius
2671 4206 3124 4289 intelligantur,

641 4338 728 4401 et,
778 4327 888 4413 qui
933 4326 1082 4389 mibi
1127 4328 1332 4388 adhuc
1374 4325 1726 4398 defuerint,
1776 4323 1985 4387 statim
2029 4319 2377 4386 lectoribus
2421 4330 2751 4403 appareat.

787 4495 1111 4554 scribebam
1151 4494 1345 4547 Turici
1388 4498 1522 4566 ipsis
1564 4493 1830 4546 Kalendis
1873 4494 2141 4545 Ianuariis
2183 4490 2266 4543 M.
2305 4489 2520 4543 DCCC.
2561 4486 2802 4542 xxvn.
