<?xml version="1.0" encoding="UTF-8"?>
<!DOCTYPE html PUBLIC "-//W3C//DTD XHTML 1.0 Transitional//EN"
    "http://www.w3.org/TR/xhtml1/DTD/xhtml1-transitional.dtd">
<html xmlns="http://www.w3.org/1999/xhtml" xml:lang="en" lang="en">
 <head>
  <title>
</title>
<meta http-equiv="Content-Type" content="text/html;charset=utf-8" />
  <meta name='ocr-system' content='tesseract 3.04.00' />
  <meta name='ocr-capabilities' content='ocr_page ocr_carea ocr_par ocr_line ocrx_word'/>
</head>
<body>
  <div class='ocr_page' id='page_1' title='image "./inscriptionvmla02unkngoog_0557.png"; bbox 0 0 3502 5487; ppageno 0'>
   <div class='ocr_carea' id='block_1_1' title="bbox 1071 452 2815 546">
    <p class='ocr_par' dir='ltr' id='par_1_1' title="bbox 1071 452 2815 546">
     <span class='ocr_line' id='line_1_1' title="bbox 1071 452 2815 546; baseline 0.003 -7"><span class='ocrx_word' id='word_1_1' title='bbox 1071 470 1080 481; x_wconf 85' lang='lat'><strong><em>‘</em></strong></span> <span class='ocrx_word' id='word_1_2' title='bbox 1175 482 1735 541; x_wconf 62' lang='lat' dir='ltr'><strong>EPIGRAPIJICA</strong></span> <span class='ocrx_word' id='word_1_3' title='bbox 1774 482 1942 540; x_wconf 80' lang='lat' dir='ltr'><strong>xlv.</strong></span> <span class='ocrx_word' id='word_1_4' title='bbox 2138 452 2145 481; x_wconf 78' lang='lat'>¹</span> <span class='ocrx_word' id='word_1_5' title='bbox 2627 490 2631 494; x_wconf 92' lang='lat'><em>·</em></span> <span class='ocrx_word' id='word_1_6' title='bbox 2705 488 2815 546; x_wconf 74' lang='lat' dir='ltr'>scs</span> 
     </span>
    </p>
   </div>
   <div class='ocr_carea' id='block_1_2' title="bbox 307 612 2822 1531">
    <p class='ocr_par' dir='ltr' id='par_1_2' title="bbox 307 612 2819 1438">
     <span class='ocr_line' id='line_1_2' title="bbox 318 612 2813 691; baseline -0.001 -19"><span class='ocrx_word' id='word_1_7' title='bbox 318 612 416 689; x_wconf 83' lang='lat' dir='ltr'>qui</span> <span class='ocrx_word' id='word_1_8' title='bbox 454 632 618 691; x_wconf 79' lang='lat' dir='ltr'>opera</span> <span class='ocrx_word' id='word_1_9' title='bbox 660 632 756 671; x_wconf 85' lang='lat' dir='ltr'>sua</span> <span class='ocrx_word' id='word_1_10' title='bbox 795 614 1190 689; x_wconf 78' lang='lat' dir='ltr'>vaegraudibus</span> <span class='ocrx_word' id='word_1_11' title='bbox 1230 616 1603 670; x_wconf 84' lang='lat' dir='ltr'>voluminibus</span> <span class='ocrx_word' id='word_1_12' title='bbox 1644 614 1805 670; x_wconf 85' lang='lat' dir='ltr'>edere</span> <span class='ocrx_word' id='word_1_13' title='bbox 1842 631 2146 683; x_wconf 87' lang='lat' dir='ltr'>conantur,</span> <span class='ocrx_word' id='word_1_14' title='bbox 2186 617 2330 687; x_wconf 85' lang='lat' dir='ltr'>quod</span> <span class='ocrx_word' id='word_1_15' title='bbox 2362 630 2548 671; x_wconf 83' lang='lat' dir='ltr'>tamen</span> <span class='ocrx_word' id='word_1_16' title='bbox 2583 619 2813 669; x_wconf 80' lang='lat' dir='ltr'>omnir-o</span> 
     </span>
     <span class='ocr_line' id='line_1_3' title="bbox 319 709 2819 785; baseline -0.002 -20"><span class='ocrx_word' id='word_1_17' title='bbox 319 711 768 785; x_wconf 85' lang='lat' dir='ltr'>improbandum.</span> <span class='ocrx_word' id='word_1_18' title='bbox 847 711 1049 765; x_wconf 90' lang='lat' dir='ltr'>Gorius</span> <span class='ocrx_word' id='word_1_19' title='bbox 1095 710 1500 784; x_wconf 85' lang='lat' dir='ltr'>Diptychorum</span> <span class='ocrx_word' id='word_1_20' title='bbox 1533 712 1880 763; x_wconf 85' lang='lat' dir='ltr'>Thesaurum</span> <span class='ocrx_word' id='word_1_21' title='bbox 1919 725 2110 783; x_wconf 83' lang='lat' dir='ltr'>parat,</span> <span class='ocrx_word' id='word_1_22' title='bbox 2153 714 2317 763; x_wconf 88' lang='lat' dir='ltr'>immo</span> <span class='ocrx_word' id='word_1_23' title='bbox 2358 709 2680 783; x_wconf 74' lang='lat' dir='ltr'>propediem</span> <span class='ocrx_word' id='word_1_24' title='bbox 2720 727 2819 762; x_wconf 77' lang='lat' dir='ltr'>ex-</span> 
     </span>
     <span class='ocr_line' id='line_1_4' title="bbox 317 801 2818 879; baseline -0.002 -20"><span class='ocrx_word' id='word_1_25' title='bbox 317 821 666 879; x_wconf 74' lang='lat' dir='ltr'>spectamus,</span> <span class='ocrx_word' id='word_1_26' title='bbox 731 809 776 856; x_wconf 88' lang='lat' dir='ltr'>si</span> <span class='ocrx_word' id='word_1_27' title='bbox 818 808 1214 876; x_wconf 83' lang='lat' dir='ltr'>programmati</span> <span class='ocrx_word' id='word_1_28' title='bbox 1267 803 1616 877; x_wconf 78' lang='lat' dir='ltr'>promulgato</span> <span class='ocrx_word' id='word_1_29' title='bbox 1662 802 1795 858; x_wconf 80' lang='lat' dir='ltr'>fides</span> <span class='ocrx_word' id='word_1_30' title='bbox 1834 801 2165 857; x_wconf 81' lang='lat' dir='ltr'>adhibenda.</span> <span class='ocrx_word' id='word_1_31' title='bbox 2247 804 2312 856; x_wconf 90' lang='lat' dir='ltr'>ln</span> <span class='ocrx_word' id='word_1_32' title='bbox 2354 802 2464 856; x_wconf 87' lang='lat' dir='ltr'>illis</span> <span class='ocrx_word' id='word_1_33' title='bbox 2504 820 2632 856; x_wconf 83' lang='lat' dir='ltr'>vero</span> <span class='ocrx_word' id='word_1_34' title='bbox 2671 819 2818 876; x_wconf 78' lang='lat' dir='ltr'>sym-</span> 
     </span>
     <span class='ocr_line' id='line_1_5' title="bbox 314 893 2812 971; baseline -0.001 -20"><span class='ocrx_word' id='word_1_35' title='bbox 314 898 483 966; x_wconf 84' lang='lat' dir='ltr'>bolis,</span> <span class='ocrx_word' id='word_1_36' title='bbox 522 915 652 971; x_wconf 88' lang='lat' dir='ltr'>quas</span> <span class='ocrx_word' id='word_1_37' title='bbox 686 900 889 951; x_wconf 83' lang='lat' dir='ltr'>Romae</span> <span class='ocrx_word' id='word_1_38' title='bbox 931 902 1048 971; x_wconf 84' lang='lat' dir='ltr'>ipse</span> <span class='ocrx_word' id='word_1_39' title='bbox 1086 894 1219 963; x_wconf 81' lang='lat' dir='ltr'>edit,</span> <span class='ocrx_word' id='word_1_40' title='bbox 1258 898 1422 950; x_wconf 88' lang='lat' dir='ltr'>Tom.</span> <span class='ocrx_word' id='word_1_41' title='bbox 1457 899 1561 951; x_wconf 85' lang='lat' dir='ltr'>lx.</span> <span class='ocrx_word' id='word_1_42' title='bbox 1598 897 1835 951; x_wconf 85' lang='lat' dir='ltr'>selectae</span> <span class='ocrx_word' id='word_1_43' title='bbox 1872 901 2263 970; x_wconf 71' lang='lat' dir='ltr'>inscriptiones</span> <span class='ocrx_word' id='word_1_44' title='bbox 2307 897 2522 951; x_wconf 83' lang='lat' dir='ltr'>xvm.</span> <span class='ocrx_word' id='word_1_45' title='bbox 2560 915 2626 950; x_wconf 82' lang='lat' dir='ltr'>ex</span> <span class='ocrx_word' id='word_1_46' title='bbox 2665 893 2812 951; x_wconf 78' lang='lat' dir='ltr'>clo,</span> 
     </span>
     <span class='ocr_line' id='line_1_6' title="bbox 314 989 2816 1066; baseline -0.002 -20"><span class='ocrx_word' id='word_1_47' title='bbox 314 1009 371 1046; x_wconf 80' lang='lat' dir='ltr'>ot</span> <span class='ocrx_word' id='word_1_48' title='bbox 412 991 646 1066; x_wconf 81' lang='lat' dir='ltr'>amplius</span> <span class='ocrx_word' id='word_1_49' title='bbox 685 1007 974 1064; x_wconf 79' lang='lat' dir='ltr'>excerptae</span> <span class='ocrx_word' id='word_1_50' title='bbox 1013 1009 1078 1045; x_wconf 79' lang='lat' dir='ltr'>ex</span> <span class='ocrx_word' id='word_1_51' title='bbox 1118 1005 1333 1043; x_wconf 79' lang='lat' dir='ltr'>vetusto</span> <span class='ocrx_word' id='word_1_52' title='bbox 1372 990 1568 1044; x_wconf 81' lang='lat' dir='ltr'>codice</span> <span class='ocrx_word' id='word_1_53' title='bbox 1607 997 1998 1054; x_wconf 61' lang='lat' dir='ltr'>continentum</span> <span class='ocrx_word' id='word_1_54' title='bbox 2048 1006 2166 1045; x_wconf 88' lang='lat' dir='ltr'>tum</span> <span class='ocrx_word' id='word_1_55' title='bbox 2205 991 2385 1044; x_wconf 86' lang='lat' dir='ltr'>Tomo</span> <span class='ocrx_word' id='word_1_56' title='bbox 2426 991 2501 1045; x_wconf 85' lang='lat' dir='ltr'>X.</span> <span class='ocrx_word' id='word_1_57' title='bbox 2538 989 2816 1043; x_wconf 82' lang='lat' dir='ltr'>&#39;Diatriba</span> 
     </span>
     <span class='ocr_line' id='line_1_7' title="bbox 311 1082 2817 1160; baseline -0.001 -20"><span class='ocrx_word' id='word_1_58' title='bbox 311 1085 552 1160; x_wconf 82' lang='lat' dir='ltr'>Epistol.</span> <span class='ocrx_word' id='word_1_59' title='bbox 590 1086 891 1138; x_wconf 75' lang='lat' dir='ltr'>Zachariae</span> <span class='ocrx_word' id='word_1_60' title='bbox 930 1082 996 1136; x_wconf 80' lang='lat' dir='ltr'>de</span> <span class='ocrx_word' id='word_1_61' title='bbox 1036 1085 1131 1139; x_wconf 79' lang='lat' dir='ltr'>lv,</span> <span class='ocrx_word' id='word_1_62' title='bbox 1189 1083 1548 1137; x_wconf 85' lang='lat' dir='ltr'>Illiberitanis</span> <span class='ocrx_word' id='word_1_63' title='bbox 1587 1090 1818 1137; x_wconf 83' lang='lat' dir='ltr'>vetustis</span> <span class='ocrx_word' id='word_1_64' title='bbox 1859 1083 2136 1158; x_wconf 76' lang='lat' dir='ltr'>lapidibus</span> <span class='ocrx_word' id='word_1_65' title='bbox 2153 1082 2312 1149; x_wconf 60' lang='lat' dir='ltr'>,med</span> <span class='ocrx_word' id='word_1_66' title='bbox 2355 1101 2466 1136; x_wconf 88' lang='lat' dir='ltr'>uon</span> <span class='ocrx_word' id='word_1_67' title='bbox 2506 1099 2587 1136; x_wconf 86' lang='lat' dir='ltr'>est</span> <span class='ocrx_word' id='word_1_68' title='bbox 2629 1097 2690 1136; x_wconf 86' lang='lat' dir='ltr'>nt</span> <span class='ocrx_word' id='word_1_69' title='bbox 2729 1083 2817 1137; x_wconf 80' lang='lat' dir='ltr'>his</span> 
     </span>
     <span class='ocr_line' id='line_1_8' title="bbox 307 1175 2817 1250; baseline -0.001 -17"><span class='ocrx_word' id='word_1_70' title='bbox 307 1185 596 1246; x_wconf 82' lang='lat' dir='ltr'>immorer,</span> <span class='ocrx_word' id='word_1_71' title='bbox 621 1196 790 1250; x_wconf 84' lang='lat' dir='ltr'>quum</span> <span class='ocrx_word' id='word_1_72' title='bbox 830 1193 925 1231; x_wconf 84' lang='lat' dir='ltr'>eae</span> <span class='ocrx_word' id='word_1_73' title='bbox 964 1176 1030 1229; x_wconf 81' lang='lat' dir='ltr'>ad</span> <span class='ocrx_word' id='word_1_74' title='bbox 1068 1193 1124 1230; x_wconf 89' lang='lat' dir='ltr'>te</span> <span class='ocrx_word' id='word_1_75' title='bbox 1160 1175 1348 1231; x_wconf 78' lang='lat' dir='ltr'>forsan</span> <span class='ocrx_word' id='word_1_76' title='bbox 1389 1182 1495 1230; x_wconf 90' lang='lat' dir='ltr'>iam</span> <span class='ocrx_word' id='word_1_77' title='bbox 1536 1182 1648 1231; x_wconf 87' lang='lat' dir='ltr'>sint</span> <span class='ocrx_word' id='word_1_78' title='bbox 1688 1176 1921 1231; x_wconf 78' lang='lat' dir='ltr'>delatae.</span> <span class='ocrx_word' id='word_1_79' title='bbox 1977 1179 2447 1231; x_wconf 67' lang='lat' dir='ltr'>Dissertationum</span> <span class='ocrx_word' id='word_1_80' title='bbox 2482 1175 2817 1232; x_wconf 77' lang='lat' dir='ltr'>Academiae</span> 
     </span>
     <span class='ocr_line' id='line_1_9' title="bbox 313 1269 2817 1345; baseline -0.002 -17"><span class='ocrx_word' id='word_1_81' title='bbox 313 1277 676 1329; x_wconf 87' lang='lat' dir='ltr'>Cortonensis</span> <span class='ocrx_word' id='word_1_82' title='bbox 728 1271 1007 1324; x_wconf 80' lang='lat' dir='ltr'>volumina</span> <span class='ocrx_word' id='word_1_83' title='bbox 1047 1271 1144 1325; x_wconf 86' lang='lat' dir='ltr'>vl.</span> <span class='ocrx_word' id='word_1_84' title='bbox 1202 1276 1313 1324; x_wconf 88' lang='lat' dir='ltr'>iam</span> <span class='ocrx_word' id='word_1_85' title='bbox 1366 1287 1496 1324; x_wconf 87' lang='lat' dir='ltr'>cusa</span> <span class='ocrx_word' id='word_1_86' title='bbox 1552 1287 1717 1340; x_wconf 87' lang='lat' dir='ltr'>sunt,</span> <span class='ocrx_word' id='word_1_87' title='bbox 1779 1270 2013 1326; x_wconf 81' lang='lat' dir='ltr'>fortasse</span> <span class='ocrx_word' id='word_1_88' title='bbox 2051 1273 2179 1325; x_wconf 86' lang='lat' dir='ltr'>v11.</span> <span class='ocrx_word' id='word_1_89' title='bbox 2233 1270 2469 1345; x_wconf 86' lang='lat' dir='ltr'>prodiit,</span> <span class='ocrx_word' id='word_1_90' title='bbox 2536 1286 2667 1325; x_wconf 90' lang='lat' dir='ltr'>nam</span> <span class='ocrx_word' id='word_1_91' title='bbox 2713 1269 2817 1324; x_wconf 85' lang='lat' dir='ltr'>sub</span> 
     </span>
     <span class='ocr_line' id='line_1_10' title="bbox 314 1363 1694 1438; baseline -0.004 -16"><span class='ocrx_word' id='word_1_92' title='bbox 314 1366 549 1422; x_wconf 80' lang='lat' dir='ltr'>huiusce</span> <span class='ocrx_word' id='word_1_93' title='bbox 591 1369 719 1418; x_wconf 82' lang='lat' dir='ltr'>anni</span> <span class='ocrx_word' id='word_1_94' title='bbox 764 1370 986 1417; x_wconf 81' lang='lat' dir='ltr'>initium</span> <span class='ocrx_word' id='word_1_95' title='bbox 1026 1363 1126 1417; x_wconf 88' lang='lat' dir='ltr'>suh</span> <span class='ocrx_word' id='word_1_96' title='bbox 1172 1365 1359 1438; x_wconf 84' lang='lat' dir='ltr'>praelo</span> <span class='ocrx_word' id='word_1_97' title='bbox 1399 1364 1648 1418; x_wconf 84' lang='lat' dir='ltr'>sudabat.</span> <span class='ocrx_word' id='word_1_98' title='bbox 1685 1364 1694 1375; x_wconf 77' lang='grc'><strong>“</strong></span> 
     </span>
    </p>

    <p class='ocr_par' dir='ltr' id='par_1_3' title="bbox 469 1443 2822 1531">
     <span class='ocr_line' id='line_1_11' title="bbox 469 1443 2822 1531; baseline 0.001 -20"><span class='ocrx_word' id='word_1_99' title='bbox 469 1460 636 1525; x_wconf 82' lang='lat' dir='ltr'>Vale,</span> <span class='ocrx_word' id='word_1_100' title='bbox 692 1463 775 1511; x_wconf 84' lang='lat' dir='ltr'>vir</span> <span class='ocrx_word' id='word_1_101' title='bbox 825 1457 1179 1524; x_wconf 76' lang='lat' dir='ltr'>doctissime,</span> <span class='ocrx_word' id='word_1_102' title='bbox 1234 1475 1289 1513; x_wconf 90' lang='lat' dir='ltr'>et</span> <span class='ocrx_word' id='word_1_103' title='bbox 1340 1459 1574 1511; x_wconf 84' lang='lat' dir='ltr'>salutem</span> <span class='ocrx_word' id='word_1_104' title='bbox 1627 1473 1775 1511; x_wconf 89' lang='lat' dir='ltr'>tuam</span> <span class='ocrx_word' id='word_1_105' title='bbox 1815 1473 1950 1511; x_wconf 85' lang='lat' dir='ltr'>cura</span> <span class='ocrx_word' id='word_1_106' title='bbox 1987 1455 2316 1531; x_wconf 79' lang='lat' dir='ltr'>diligenter..</span> <span class='ocrx_word' id='word_1_107' title='bbox 2377 1443 2719 1513; x_wconf 59' lang='lat' dir='ltr'>Veronae‘a.</span> <span class='ocrx_word' id='word_1_108' title='bbox 2763 1455 2822 1513; x_wconf 80' lang='lat' dir='ltr'>d.</span> 
     </span>
    </p>
   </div>
   <div class='ocr_carea' id='block_1_3' title="bbox 316 1548 2561 1624">
    <p class='ocr_par' dir='ltr' id='par_1_4' title="bbox 316 1548 2561 1624">
     <span class='ocr_line' id='line_1_12' title="bbox 316 1548 2561 1624; baseline 0.004 -21"><span class='ocrx_word' id='word_1_109' title='bbox 316 1555 480 1609; x_wconf 89' lang='lat' dir='ltr'>v111.</span> <span class='ocrx_word' id='word_1_110' title='bbox 521 1553 645 1608; x_wconf 79' lang='lat' dir='ltr'>Kal.</span> <span class='ocrx_word' id='word_1_111' title='bbox 686 1548 838 1624; x_wconf 61' lang='lat' dir='ltr'>sept.</span> <span class='ocrx_word' id='word_1_112' title='bbox 876 1552 1237 1607; x_wconf 74' lang='lat' dir='ltr'>MDCCLW.</span> <span class='ocrx_word' id='word_1_113' title='bbox 2533 1580 2561 1612; x_wconf 78' lang='lat'><strong>.</strong></span> 
     </span>
    </p>
   </div>
   <div class='ocr_carea' id='block_1_4' title="bbox 312 1682 2826 2412">
    <p class='ocr_par' dir='ltr' id='par_1_5' title="bbox 312 1682 2826 2206">
     <span class='ocr_line' id='line_1_13' title="bbox 473 1682 2820 1761; baseline -0.001 -23"><span class='ocrx_word' id='word_1_114' title='bbox 473 1685 537 1738; x_wconf 89' lang='lat' dir='ltr'>P.</span> <span class='ocrx_word' id='word_1_115' title='bbox 590 1682 651 1738; x_wconf 89' lang='lat' dir='ltr'>S.</span> <span class='ocrx_word' id='word_1_116' title='bbox 729 1682 991 1737; x_wconf 87' lang='lat' dir='ltr'>Nondum</span> <span class='ocrx_word' id='word_1_117' title='bbox 1051 1682 1162 1737; x_wconf 87' lang='lat' dir='ltr'>vidi</span> <span class='ocrx_word' id='word_1_118' title='bbox 1222 1685 1552 1761; x_wconf 74' lang='lat' dir='ltr'>Breitingeri</span> <span class='ocrx_word' id='word_1_119' title='bbox 1612 1683 2160 1736; x_wconf 81' lang='lat' dir='ltr'>commentationem</span> <span class='ocrx_word' id='word_1_120' title='bbox 2217 1686 2278 1735; x_wconf 90' lang='lat' dir='ltr'>in</span> <span class='ocrx_word' id='word_1_121' title='bbox 2340 1685 2566 1754; x_wconf 81' lang='lat' dir='ltr'>antiqua</span> <span class='ocrx_word' id='word_1_122' title='bbox 2622 1698 2820 1737; x_wconf 88' lang='lat' dir='ltr'>monu-</span> 
     </span>
     <span class='ocr_line' id='line_1_14' title="bbox 317 1774 2817 1850; baseline -0 -18"><span class='ocrx_word' id='word_1_123' title='bbox 317 1793 512 1832; x_wconf 86' lang='lat' dir='ltr'>menta</span> <span class='ocrx_word' id='word_1_124' title='bbox 572 1782 631 1830; x_wconf 90' lang='lat' dir='ltr'>in</span> <span class='ocrx_word' id='word_1_125' title='bbox 688 1793 819 1850; x_wconf 81' lang='lat' dir='ltr'>agro</span> <span class='ocrx_word' id='word_1_126' title='bbox 871 1777 1142 1850; x_wconf 89' lang='lat' dir='ltr'>Tigurino</span> <span class='ocrx_word' id='word_1_127' title='bbox 1202 1792 1347 1829; x_wconf 86' lang='lat' dir='ltr'>anno</span> <span class='ocrx_word' id='word_1_128' title='bbox 1403 1779 1568 1834; x_wconf 63' lang='grc'><strong>1724.</strong></span> <span class='ocrx_word' id='word_1_129' title='bbox 1615 1792 1816 1842; x_wconf 85' lang='lat' dir='ltr'>eruta,</span> <span class='ocrx_word' id='word_1_130' title='bbox 1880 1792 2017 1846; x_wconf 86' lang='lat' dir='ltr'>quae</span> <span class='ocrx_word' id='word_1_131' title='bbox 2074 1775 2308 1830; x_wconf 85' lang='lat' dir='ltr'>habetur</span> <span class='ocrx_word' id='word_1_132' title='bbox 2369 1781 2425 1829; x_wconf 91' lang='lat' dir='ltr'>in</span> <span class='ocrx_word' id='word_1_133' title='bbox 2478 1778 2623 1831; x_wconf 86' lang='lat' dir='ltr'>Tom</span> <span class='ocrx_word' id='word_1_134' title='bbox 2686 1774 2817 1831; x_wconf 83' lang='lat' dir='ltr'>vll.</span> 
     </span>
     <span class='ocr_line' id='line_1_15' title="bbox 317 1868 2826 1944; baseline -0 -20"><span class='ocrx_word' id='word_1_135' title='bbox 317 1875 613 1924; x_wconf 65' lang='lat' dir='ltr'>Amoenn.</span> <span class='ocrx_word' id='word_1_136' title='bbox 652 1871 827 1924; x_wconf 80' lang='lat' dir='ltr'>Liter.</span> <span class='ocrx_word' id='word_1_137' title='bbox 871 1871 1254 1937; x_wconf 79' lang='lat' dir='ltr'>schelhornii,</span> <span class='ocrx_word' id='word_1_138' title='bbox 1308 1886 1641 1944; x_wconf 86' lang='lat' dir='ltr'>quapropter</span> <span class='ocrx_word' id='word_1_139' title='bbox 1678 1869 1910 1922; x_wconf 87' lang='lat' dir='ltr'>huiusce</span> <span class='ocrx_word' id='word_1_140' title='bbox 1950 1868 2072 1922; x_wconf 85' lang='lat' dir='ltr'>loca</span> <span class='ocrx_word' id='word_1_141' title='bbox 2112 1873 2170 1923; x_wconf 88' lang='lat' dir='ltr'>in</span> <span class='ocrx_word' id='word_1_142' title='bbox 2208 1870 2584 1943; x_wconf 86' lang='lat' dir='ltr'>superioribus</span> <span class='ocrx_word' id='word_1_143' title='bbox 2627 1874 2826 1923; x_wconf 87' lang='lat' dir='ltr'>inscri-</span> 
     </span>
     <span class='ocr_line' id='line_1_16' title="bbox 315 1952 2823 2038; baseline -0.001 -20"><span class='ocrx_word' id='word_1_144' title='bbox 315 1963 611 2038; x_wconf 82' lang='lat' dir='ltr'>ptionibus</span> <span class='ocrx_word' id='word_1_145' title='bbox 651 1982 761 2017; x_wconf 88' lang='lat' dir='ltr'>non</span> <span class='ocrx_word' id='word_1_146' title='bbox 807 1963 1119 2018; x_wconf 86' lang='lat' dir='ltr'>laudantur.</span> <span class='ocrx_word' id='word_1_147' title='bbox 1203 1963 1402 2018; x_wconf 84' lang='lat' dir='ltr'>Itidem</span> <span class='ocrx_word' id='word_1_148' title='bbox 1443 1963 1651 2021; x_wconf 81' lang='lat' dir='ltr'>Wildii</span> <span class='ocrx_word' id='word_1_149' title='bbox 1694 1964 1980 2034; x_wconf 77' lang='lat' dir='ltr'>Apologia</span> <span class='ocrx_word' id='word_1_150' title='bbox 2019 1965 2319 2030; x_wconf 61' lang='lat' dir='ltr'>Aventia,</span> <span class='ocrx_word' id='word_1_151' title='bbox 2380 1966 2626 2019; x_wconf 80' lang='lat' dir='ltr'>Historia</span> <span class='ocrx_word' id='word_1_152' title='bbox 2654 1952 2823 2017; x_wconf 49' lang='lat' dir='ltr'>‘Salo-</span> 
     </span>
     <span class='ocr_line' id='line_1_17' title="bbox 316 2053 2822 2132; baseline -0 -20"><span class='ocrx_word' id='word_1_153' title='bbox 316 2060 574 2112; x_wconf 84' lang='lat' dir='ltr'>durensis</span> <span class='ocrx_word' id='word_1_154' title='bbox 613 2074 666 2111; x_wconf 89' lang='lat' dir='ltr'>et</span> <span class='ocrx_word' id='word_1_155' title='bbox 705 2059 1021 2130; x_wconf 78' lang='lat' dir='ltr'>Hottingcri</span> <span class='ocrx_word' id='word_1_156' title='bbox 1068 2057 1425 2132; x_wconf 85' lang='lat' dir='ltr'>opusculum,</span> <span class='ocrx_word' id='word_1_157' title='bbox 1482 2063 1540 2111; x_wconf 88' lang='lat' dir='ltr'>in</span> <span class='ocrx_word' id='word_1_158' title='bbox 1588 2056 1787 2129; x_wconf 87' lang='lat' dir='ltr'>quibus</span> <span class='ocrx_word' id='word_1_159' title='bbox 1829 2055 1893 2110; x_wconf 90' lang='lat' dir='ltr'>de</span> <span class='ocrx_word' id='word_1_160' title='bbox 1934 2053 2131 2111; x_wconf 84' lang='lat' dir='ltr'>iisdem</span> <span class='ocrx_word' id='word_1_161' title='bbox 2173 2062 2387 2131; x_wconf 84' lang='lat' dir='ltr'>agitur,</span> <span class='ocrx_word' id='word_1_162' title='bbox 2446 2058 2627 2111; x_wconf 86' lang='lat' dir='ltr'>adhuc</span> <span class='ocrx_word' id='word_1_163' title='bbox 2662 2074 2693 2110; x_wconf 86' lang='lat' dir='ltr'>a</span> <span class='ocrx_word' id='word_1_164' title='bbox 2733 2073 2822 2111; x_wconf 86' lang='lat' dir='ltr'>me</span> 
     </span>
     <span class='ocr_line' id='line_1_18' title="bbox 312 2151 719 2206; baseline -0.005 0"><span class='ocrx_word' id='word_1_165' title='bbox 312 2151 719 2206; x_wconf 77' lang='lat' dir='ltr'>desiderantur.</span> 
     </span>
    </p>

    <p class='ocr_par' dir='ltr' id='par_1_6' title="bbox 312 2241 2821 2412">
     <span class='ocr_line' id='line_1_19' title="bbox 479 2241 2821 2319; baseline -0 -22"><span class='ocrx_word' id='word_1_166' title='bbox 479 2244 657 2297; x_wconf 90' lang='lat' dir='ltr'>Doleo</span> <span class='ocrx_word' id='word_1_167' title='bbox 695 2244 1024 2299; x_wconf 84' lang='lat' dir='ltr'>Bochatium</span> <span class='ocrx_word' id='word_1_168' title='bbox 1061 2263 1375 2318; x_wconf 85' lang='lat' dir='ltr'>supremum</span> <span class='ocrx_word' id='word_1_169' title='bbox 1411 2242 1560 2298; x_wconf 86' lang='lat' dir='ltr'>diem</span> <span class='ocrx_word' id='word_1_170' title='bbox 1600 2242 1835 2311; x_wconf 84' lang='lat' dir='ltr'>obiisse,</span> <span class='ocrx_word' id='word_1_171' title='bbox 1897 2248 2073 2297; x_wconf 88' lang='lat' dir='ltr'>virum</span> <span class='ocrx_word' id='word_1_172' title='bbox 2124 2242 2356 2298; x_wconf 87' lang='lat' dir='ltr'>doctum</span> <span class='ocrx_word' id='word_1_173' title='bbox 2408 2261 2464 2298; x_wconf 89' lang='lat' dir='ltr'>et</span> <span class='ocrx_word' id='word_1_174' title='bbox 2503 2250 2714 2319; x_wconf 85' lang='lat' dir='ltr'>optime</span> <span class='ocrx_word' id='word_1_175' title='bbox 2754 2241 2821 2297; x_wconf 93' lang='lat' dir='ltr'>de</span> 
     </span>
     <span class='ocr_line' id='line_1_20' title="bbox 312 2337 1256 2412; baseline 0.001 -21"><span class='ocrx_word' id='word_1_176' title='bbox 312 2339 574 2393; x_wconf 75' lang='lat' dir='ltr'>literaria</span> <span class='ocrx_word' id='word_1_177' title='bbox 618 2357 674 2391; x_wconf 85' lang='lat' dir='ltr'>re</span> <span class='ocrx_word' id='word_1_178' title='bbox 713 2337 936 2412; x_wconf 82' lang='lat' dir='ltr'>publica</span> <span class='ocrx_word' id='word_1_179' title='bbox 975 2342 1256 2393; x_wconf 81' lang='lat' dir='ltr'>meritum.</span> 
     </span>
    </p>
   </div>
   <div class='ocr_carea' id='block_1_5' title="bbox 529 2679 2785 2912">
    <p class='ocr_par' dir='ltr' id='par_1_7' title="bbox 529 2679 2785 2912">
     <span class='ocr_line' id='line_1_21' title="bbox 1483 2679 1699 2737; baseline -0.005 -1"><span class='ocrx_word' id='word_1_180' title='bbox 1483 2679 1649 2737; x_wconf 84' lang='lat' dir='ltr'><strong>XIV.</strong></span> <span class='ocrx_word' id='word_1_181' title='bbox 1693 2684 1699 2703; x_wconf 73' lang='lat'>¹</span> 
     </span>
     <span class='ocr_line' id='line_1_22' title="bbox 529 2763 2785 2912; baseline 0 -35"><span class='ocrx_word' id='word_1_182' title='bbox 529 2814 697 2879; x_wconf 66' lang='lat' dir='ltr'>la</span> <span class='ocrx_word' id='word_1_183' title='bbox 803 2812 1669 2879; x_wconf 77' lang='lat' dir='ltr'>FRANclsco</span> <span class='ocrx_word' id='word_1_184' title='bbox 1775 2763 2785 2912; x_wconf 61' lang='lat' dir='ltr'>sEleER10²&#39;</span> 
     </span>
    </p>
   </div>
   <div class='ocr_carea' id='block_1_6' title="bbox 880 2934 2261 2992">
    <p class='ocr_par' dir='ltr' id='par_1_8' title="bbox 880 2934 2261 2992">
     <span class='ocr_line' id='line_1_23' title="bbox 880 2934 2261 2992; baseline -0.001 0"><span class='ocrx_word' id='word_1_185' title='bbox 880 2936 1064 2992; x_wconf 77' lang='lat' dir='ltr'>Viro</span> <span class='ocrx_word' id='word_1_186' title='bbox 1120 2934 1614 2992; x_wconf 84' lang='lat' dir='ltr'>nobilissimo</span> <span class='ocrx_word' id='word_1_187' title='bbox 1665 2953 1747 2990; x_wconf 87' lang='lat' dir='ltr'>ae</span> <span class='ocrx_word' id='word_1_188' title='bbox 1804 2934 2261 2991; x_wconf 84' lang='lat' dir='ltr'>doctissimo</span> 
     </span>
    </p>
   </div>
   <div class='ocr_carea' id='block_1_7' title="bbox 400 3045 2717 3240">
    <p class='ocr_par' dir='ltr' id='par_1_9' title="bbox 400 3045 2717 3240">
     <span class='ocr_line' id='line_1_24' title="bbox 1425 3045 1723 3102; baseline 0 0"><span class='ocrx_word' id='word_1_189' title='bbox 1425 3045 1491 3102; x_wconf 87' lang='lat' dir='ltr'>S.</span> <span class='ocrx_word' id='word_1_190' title='bbox 1534 3047 1603 3102; x_wconf 93' lang='lat' dir='ltr'>P.</span> <span class='ocrx_word' id='word_1_191' title='bbox 1647 3046 1723 3102; x_wconf 91' lang='lat' dir='ltr'>D.</span> 
     </span>
     <span class='ocr_line' id='line_1_25' title="bbox 400 3153 2717 3240; baseline 0 -27"><span class='ocrx_word' id='word_1_192' title='bbox 400 3153 533 3240; x_wconf 20' lang='lat'><strong>¹¹2⁰·</strong></span> <span class='ocrx_word' id='word_1_193' title='bbox 586 3166 841 3212; x_wconf 79' lang='lat' dir='ltr'>lACOB.</span> <span class='ocrx_word' id='word_1_194' title='bbox 894 3164 1502 3211; x_wconf 69' lang='lat' dir='ltr'>STElNBRYCHEL</span> <span class='ocrx_word' id='word_1_195' title='bbox 1551 3165 1737 3210; x_wconf 67' lang='lat' dir='ltr'>Gneo.</span> <span class='ocrx_word' id='word_1_196' title='bbox 1776 3165 1922 3210; x_wconf 55' lang='lat' dir='ltr'>Lis-r.</span> <span class='ocrx_word' id='word_1_197' title='bbox 1965 3176 2085 3210; x_wconf 72' lang='lat' dir='ltr'>nvn</span> <span class='ocrx_word' id='word_1_198' title='bbox 2123 3167 2429 3213; x_wconf 68' lang='lat' dir='ltr'>&#39;rmczusu</span> <span class='ocrx_word' id='word_1_199' title='bbox 2464 3169 2616 3214; x_wconf 61' lang='lat' dir='ltr'>Phor.</span> <span class='ocrx_word' id='word_1_200' title='bbox 2655 3169 2717 3214; x_wconf 81' lang='grc' dir='ltr'>Ρ.</span> 
     </span>
    </p>
   </div>
   <div class='ocr_carea' id='block_1_8' title="bbox 1383 3282 1761 3298">
    <p class='ocr_par' dir='ltr' id='par_1_10' title="bbox 1383 3282 1761 3298">
     <span class='ocr_line' id='line_1_26' title="bbox 1383 3282 1761 3298; baseline 0 0"><span class='ocrx_word' id='word_1_201' title='bbox 1383 3282 1761 3298; x_wconf 95' lang='lat' dir='ltr'> </span> 
     </span>
    </p>
   </div>
   <div class='ocr_carea' id='block_1_9' title="bbox 286 3351 2833 4922">
    <p class='ocr_par' dir='ltr' id='par_1_11' title="bbox 286 3351 2833 4922">
     <span class='ocr_line' id='line_1_27' title="bbox 457 3351 2826 3428; baseline 0.002 -22"><span class='ocrx_word' id='word_1_202' title='bbox 457 3351 634 3424; x_wconf 71' lang='grc' dir='ltr'>Ωοοά</span> <span class='ocrx_word' id='word_1_203' title='bbox 674 3370 741 3406; x_wconf 84' lang='lat' dir='ltr'>ex</span> <span class='ocrx_word' id='word_1_204' title='bbox 777 3354 858 3406; x_wconf 86' lang='lat'>10.</span> <span class='ocrx_word' id='word_1_205' title='bbox 887 3355 1149 3409; x_wconf 86' lang='lat' dir='ltr'>Gesnero</span> <span class='ocrx_word' id='word_1_206' title='bbox 1190 3369 1413 3421; x_wconf 85' lang='lat' dir='ltr'>nostro,</span> <span class='ocrx_word' id='word_1_207' title='bbox 1471 3355 1606 3407; x_wconf 88' lang='lat' dir='ltr'>Viro</span> <span class='ocrx_word' id='word_1_208' title='bbox 1646 3351 2036 3419; x_wconf 83' lang='lat' dir='ltr'>celeberrimo,</span> <span class='ocrx_word' id='word_1_209' title='bbox 2095 3352 2259 3406; x_wconf 79' lang='lat' dir='ltr'>audio</span> <span class='ocrx_word' id='word_1_210' title='bbox 2299 3371 2489 3428; x_wconf 87' lang='lat' dir='ltr'>optare</span> <span class='ocrx_word' id='word_1_211' title='bbox 2532 3358 2611 3411; x_wconf 80' lang='lat' dir='ltr'>Te</span> <span class='ocrx_word' id='word_1_212' title='bbox 2653 3361 2826 3412; x_wconf 90' lang='lat' dir='ltr'>ratio-</span> 
     </span>
     <span class='ocr_line' id='line_1_28' title="bbox 302 3445 2830 3519; baseline 0 -17"><span class='ocrx_word' id='word_1_213' title='bbox 302 3464 450 3502; x_wconf 86' lang='lat' dir='ltr'>nem</span> <span class='ocrx_word' id='word_1_214' title='bbox 509 3460 575 3499; x_wconf 81' lang='lat' dir='ltr'>ac</span> <span class='ocrx_word' id='word_1_215' title='bbox 623 3445 858 3500; x_wconf 83' lang='lat' dir='ltr'>formam</span> <span class='ocrx_word' id='word_1_216' title='bbox 907 3465 1096 3501; x_wconf 83' lang='lat' dir='ltr'>eorum</span> <span class='ocrx_word' id='word_1_217' title='bbox 1151 3445 1396 3500; x_wconf 89' lang='lat' dir='ltr'>indicum</span> <span class='ocrx_word' id='word_1_218' title='bbox 1451 3462 1821 3519; x_wconf 83' lang='lat' dir='ltr'>cognoscere,</span> <span class='ocrx_word' id='word_1_219' title='bbox 1885 3463 2022 3519; x_wconf 81' lang='lat' dir='ltr'>quos</span> <span class='ocrx_word' id='word_1_220' title='bbox 2073 3447 2211 3500; x_wconf 86' lang='lat' dir='ltr'>olim</span> <span class='ocrx_word' id='word_1_221' title='bbox 2265 3466 2433 3519; x_wconf 81' lang='lat' dir='ltr'>quum</span> <span class='ocrx_word' id='word_1_222' title='bbox 2471 3454 2531 3503; x_wconf 91' lang='lat' dir='ltr'>in</span> <span class='ocrx_word' id='word_1_223' title='bbox 2579 3450 2830 3516; x_wconf 85' lang='lat' dir='ltr'>Gruteri,</span> 
     </span>
     <span class='ocr_line' id='line_1_29' title="bbox 302 3538 2828 3622; baseline 0 -25"><span class='ocrx_word' id='word_1_224' title='bbox 302 3559 441 3597; x_wconf 81' lang='lat' dir='ltr'>tum</span> <span class='ocrx_word' id='word_1_225' title='bbox 488 3543 551 3593; x_wconf 87' lang='lat' dir='ltr'>in</span> <span class='ocrx_word' id='word_1_226' title='bbox 588 3539 693 3592; x_wconf 81' lang='lat' dir='ltr'>alia</span> <span class='ocrx_word' id='word_1_227' title='bbox 735 3541 1174 3613; x_wconf 83' lang='lat' dir='ltr'>Inscriptionum</span> <span class='ocrx_word' id='word_1_228' title='bbox 1213 3541 1564 3614; x_wconf 78' lang='lat' dir='ltr'>syntagmata</span> <span class='ocrx_word' id='word_1_229' title='bbox 1594 3556 1849 3618; x_wconf 75' lang='lat' dir='ltr'>parasset</span> <span class='ocrx_word' id='word_1_230' title='bbox 1888 3540 1923 3596; x_wconf 86' lang='grc' dir='ltr'><strong>ὸ</strong></span> <span class='ocrx_word' id='word_1_231' title='bbox 1958 3538 2123 3598; x_wconf 74' lang='grc' dir='ltr'>πάνυ</span> <span class='ocrx_word' id='word_1_232' title='bbox 2160 3541 2623 3613; x_wconf 79' lang='lat' dir='ltr'>Hagenbnchius,</span> <span class='ocrx_word' id='word_1_233' title='bbox 2667 3550 2828 3622; x_wconf 82' lang='lat' dir='ltr'>cuins</span> 
     </span>
     <span class='ocr_line' id='line_1_30' title="bbox 298 3632 2830 3711; baseline -0 -21"><span class='ocrx_word' id='word_1_234' title='bbox 298 3633 675 3690; x_wconf 81' lang='lat' dir='ltr'>bibliotheca</span> <span class='ocrx_word' id='word_1_235' title='bbox 703 3633 1041 3707; x_wconf 82' lang='lat' dir='ltr'>schedaeque</span> <span class='ocrx_word' id='word_1_236' title='bbox 1080 3651 1273 3688; x_wconf 85' lang='lat' dir='ltr'>omnes</span> <span class='ocrx_word' id='word_1_237' title='bbox 1314 3634 1382 3687; x_wconf 83' lang='lat' dir='ltr'>ad</span> <span class='ocrx_word' id='word_1_238' title='bbox 1419 3653 1505 3687; x_wconf 90' lang='lat' dir='ltr'>me</span> <span class='ocrx_word' id='word_1_239' title='bbox 1545 3650 1940 3708; x_wconf 85' lang='lat' dir='ltr'>pervenerunt;</span> <span class='ocrx_word' id='word_1_240' title='bbox 1992 3632 2145 3687; x_wconf 78' lang='lat' dir='ltr'>nolui</span> <span class='ocrx_word' id='word_1_241' title='bbox 2187 3650 2342 3702; x_wconf 83' lang='lat' dir='ltr'>tuae,</span> <span class='ocrx_word' id='word_1_242' title='bbox 2384 3639 2626 3690; x_wconf 83' lang='lat' dir='ltr'>virorum</span> <span class='ocrx_word' id='word_1_243' title='bbox 2666 3653 2830 3711; x_wconf 85' lang='lat' dir='ltr'>prae-</span> 
     </span>
     <span class='ocr_line' id='line_1_31' title="bbox 299 3729 2828 3800; baseline -0 -15"><span class='ocrx_word' id='word_1_244' title='bbox 299 3731 710 3792; x_wconf 71' lang='lat' dir='ltr'>stantissime,</span> <span class='ocrx_word' id='word_1_245' title='bbox 775 3732 1033 3800; x_wconf 86' lang='lat' dir='ltr'>petitioni</span> <span class='ocrx_word' id='word_1_246' title='bbox 1093 3729 1225 3781; x_wconf 89' lang='lat' dir='ltr'>huic</span> <span class='ocrx_word' id='word_1_247' title='bbox 1282 3743 1346 3779; x_wconf 90' lang='lat' dir='ltr'>ac</span> <span class='ocrx_word' id='word_1_248' title='bbox 1403 3744 1563 3795; x_wconf 83' lang='lat' dir='ltr'>voto,</span> <span class='ocrx_word' id='word_1_249' title='bbox 1627 3746 1726 3800; x_wconf 89' lang='lat' dir='ltr'>pro</span> <span class='ocrx_word' id='word_1_250' title='bbox 1784 3744 2001 3781; x_wconf 82' lang='lat' dir='ltr'>summa</span> <span class='ocrx_word' id='word_1_251' title='bbox 2060 3743 2185 3780; x_wconf 87' lang='lat' dir='ltr'>mea</span> <span class='ocrx_word' id='word_1_252' title='bbox 2236 3733 2294 3781; x_wconf 88' lang='lat' dir='ltr'>in</span> <span class='ocrx_word' id='word_1_253' title='bbox 2345 3729 2426 3782; x_wconf 85' lang='lat' dir='ltr'>Tc</span> <span class='ocrx_word' id='word_1_254' title='bbox 2479 3730 2828 3784; x_wconf 77' lang='lat' dir='ltr'>observantia</span> 
     </span>
     <span class='ocr_line' id='line_1_32' title="bbox 298 3819 2830 3895; baseline -0.001 -17"><span class='ocrx_word' id='word_1_255' title='bbox 298 3823 542 3878; x_wconf 76' lang='lat' dir='ltr'>deesse.</span> <span class='ocrx_word' id='word_1_256' title='bbox 618 3821 700 3873; x_wconf 87' lang='lat' dir='ltr'>De</span> <span class='ocrx_word' id='word_1_257' title='bbox 744 3826 811 3874; x_wconf 86' lang='lat' dir='ltr'>iis</span> <span class='ocrx_word' id='word_1_258' title='bbox 853 3826 1022 3894; x_wconf 88' lang='lat' dir='ltr'>igitur</span> <span class='ocrx_word' id='word_1_259' title='bbox 1059 3825 1140 3874; x_wconf 85' lang='lat' dir='ltr'>sic</span> <span class='ocrx_word' id='word_1_260' title='bbox 1177 3820 1402 3875; x_wconf 83' lang='lat' dir='ltr'>habeto.</span> <span class='ocrx_word' id='word_1_261' title='bbox 1487 3819 1737 3874; x_wconf 77' lang='lat' dir='ltr'>indicem</span> <span class='ocrx_word' id='word_1_262' title='bbox 1774 3824 2206 3894; x_wconf 87' lang='lat' dir='ltr'>inscriptionum</span> <span class='ocrx_word' id='word_1_263' title='bbox 2246 3823 2645 3892; x_wconf 82' lang='lat' dir='ltr'>universalem,</span> <span class='ocrx_word' id='word_1_264' title='bbox 2697 3840 2830 3895; x_wconf 85' lang='lat' dir='ltr'>qua-</span> 
     </span>
     <span class='ocr_line' id='line_1_33' title="bbox 296 3911 2828 3989; baseline 0 -20"><span class='ocrx_word' id='word_1_265' title='bbox 296 3920 429 3972; x_wconf 87' lang='lat' dir='ltr'>lem</span> <span class='ocrx_word' id='word_1_266' title='bbox 477 3930 513 3966; x_wconf 80' lang='lat' dir='ltr'>a</span> <span class='ocrx_word' id='word_1_267' title='bbox 553 3915 663 3979; x_wconf 86' lang='lat' dir='ltr'>Te,</span> <span class='ocrx_word' id='word_1_268' title='bbox 705 3914 976 3968; x_wconf 78' lang='lat' dir='ltr'>Herculeo</span> <span class='ocrx_word' id='word_1_269' title='bbox 1015 3912 1235 3980; x_wconf 83' lang='lat' dir='ltr'>labore,</span> <span class='ocrx_word' id='word_1_270' title='bbox 1275 3913 1586 3968; x_wconf 80' lang='lat' dir='ltr'>confectum</span> <span class='ocrx_word' id='word_1_271' title='bbox 1624 3911 1822 3977; x_wconf 76' lang='lat' dir='ltr'>audio,</span> <span class='ocrx_word' id='word_1_272' title='bbox 1874 3930 2155 3985; x_wconf 84' lang='lat' dir='ltr'>nunquam</span> <span class='ocrx_word' id='word_1_273' title='bbox 2194 3933 2263 3968; x_wconf 85' lang='lat' dir='ltr'>ne</span> <span class='ocrx_word' id='word_1_274' title='bbox 2306 3916 2828 3989; x_wconf 65' lang='lat' dir='ltr'>molitumquidem</span> 
     </span>
     <span class='ocr_line' id='line_1_34' title="bbox 300 4003 2827 4088; baseline -0.001 -21"><span class='ocrx_word' id='word_1_275' title='bbox 300 4029 439 4067; x_wconf 77' lang='lat' dir='ltr'>esse</span> <span class='ocrx_word' id='word_1_276' title='bbox 485 4007 980 4080; x_wconf 76' lang='lat' dir='ltr'>Hagenbuchium,</span> <span class='ocrx_word' id='word_1_277' title='bbox 1035 4003 1341 4081; x_wconf 83' lang='lat' dir='ltr'>falsumque</span> <span class='ocrx_word' id='word_1_278' title='bbox 1389 4013 1450 4060; x_wconf 84' lang='lat' dir='ltr'>in</span> <span class='ocrx_word' id='word_1_279' title='bbox 1505 4025 1571 4060; x_wconf 88' lang='lat' dir='ltr'>eo</span> <span class='ocrx_word' id='word_1_280' title='bbox 1616 4005 1750 4060; x_wconf 89' lang='lat' dir='ltr'>olim</span> <span class='ocrx_word' id='word_1_281' title='bbox 1790 4006 1961 4062; x_wconf 75' lang='lat' dir='ltr'>fnisse</span> <span class='ocrx_word' id='word_1_282' title='bbox 2002 4010 2270 4088; x_wconf 31' lang='lat' dir='ltr'>Gorium&#39;,</span> <span class='ocrx_word' id='word_1_283' title='bbox 2325 4028 2484 4079; x_wconf 89' lang='lat' dir='ltr'>quem</span> <span class='ocrx_word' id='word_1_284' title='bbox 2521 4012 2827 4084; x_wconf 75' lang='lat' dir='ltr'>Symbola-</span> 
     </span>
     <span class='ocr_line' id='line_1_35' title="bbox 298 4098 2830 4177; baseline 0.001 -20"><span class='ocrx_word' id='word_1_285' title='bbox 298 4124 446 4158; x_wconf 84' lang='lat' dir='ltr'>rum</span> <span class='ocrx_word' id='word_1_286' title='bbox 503 4101 644 4156; x_wconf 78' lang='lat' dir='ltr'>Lite.</span> <span class='ocrx_word' id='word_1_287' title='bbox 699 4101 824 4156; x_wconf 87' lang='lat' dir='ltr'>Vol.</span> <span class='ocrx_word' id='word_1_288' title='bbox 870 4102 1023 4154; x_wconf 84' lang='lat' dir='ltr'>vm.</span> <span class='ocrx_word' id='word_1_289' title='bbox 1075 4120 1133 4173; x_wconf 86' lang='lat' dir='ltr'>p.</span> <span class='ocrx_word' id='word_1_290' title='bbox 1179 4106 1308 4160; x_wconf 71' lang='lat'>104.</span> <span class='ocrx_word' id='word_1_291' title='bbox 1369 4106 1743 4155; x_wconf 73' lang='lat' dir='ltr'>vastissimum</span> <span class='ocrx_word' id='word_1_292' title='bbox 1797 4098 2070 4168; x_wconf 83' lang='lat' dir='ltr'>eiusmodi</span> <span class='ocrx_word' id='word_1_293' title='bbox 2129 4119 2267 4175; x_wconf 87' lang='lat' dir='ltr'>opus</span> <span class='ocrx_word' id='word_1_294' title='bbox 2329 4103 2398 4155; x_wconf 83' lang='lat' dir='ltr'>ab</span> <span class='ocrx_word' id='word_1_295' title='bbox 2456 4113 2523 4157; x_wconf 85' lang='lat' dir='ltr'>eo</span> <span class='ocrx_word' id='word_1_296' title='bbox 2578 4121 2830 4177; x_wconf 83' lang='lat' dir='ltr'>paratum</span> 
     </span>
     <span class='ocr_line' id='line_1_36' title="bbox 296 4179 2830 4269; baseline -0 -15"><span class='ocrx_word' id='word_1_297' title='bbox 296 4202 534 4254; x_wconf 81' lang='lat' dir='ltr'>dixisse</span> <span class='ocrx_word' id='word_1_298' title='bbox 588 4201 773 4261; x_wconf 83' lang='lat' dir='ltr'>nosti,</span> <span class='ocrx_word' id='word_1_299' title='bbox 830 4194 1081 4267; x_wconf 81' lang='lat' dir='ltr'>maleque</span> <span class='ocrx_word' id='word_1_300' title='bbox 1132 4199 1405 4268; x_wconf 79' lang='lat' dir='ltr'>persuasit</span> <span class='ocrx_word' id='word_1_301' title='bbox 1453 4199 1623 4247; x_wconf 88' lang='lat' dir='ltr'>etiam</span> <span class='ocrx_word' id='word_1_302' title='bbox 1678 4194 1834 4262; x_wconf 84' lang='lat' dir='ltr'>aliis,</span> <span class='ocrx_word' id='word_1_303' title='bbox 1890 4179 1957 4248; x_wconf 77' lang='lat' dir='ltr'>nt¹</span> <span class='ocrx_word' id='word_1_304' title='bbox 1998 4193 2126 4250; x_wconf 83' lang='lat' dir='ltr'>seb.</span> <span class='ocrx_word' id='word_1_305' title='bbox 2168 4196 2423 4262; x_wconf 90' lang='lat' dir='ltr'>Donato,</span> <span class='ocrx_word' id='word_1_306' title='bbox 2480 4215 2645 4269; x_wconf 85' lang='lat' dir='ltr'>quem</span> <span class='ocrx_word' id='word_1_307' title='bbox 2684 4198 2830 4253; x_wconf 88' lang='lat' dir='ltr'>idem</span> 
     </span>
     <span class='ocr_line' id='line_1_37' title="bbox 295 4288 2832 4362; baseline -0 -17"><span class='ocrx_word' id='word_1_308' title='bbox 295 4291 378 4345; x_wconf 77' lang='lat' dir='ltr'>ad</span> <span class='ocrx_word' id='word_1_309' title='bbox 447 4288 828 4346; x_wconf 82' lang='lat' dir='ltr'>Schmidtium</span> <span class='ocrx_word' id='word_1_310' title='bbox 889 4290 1184 4342; x_wconf 84' lang='lat' dir='ltr'>Bernatem</span> <span class='ocrx_word' id='word_1_311' title='bbox 1242 4292 1533 4361; x_wconf 83' lang='lat' dir='ltr'>scripsisse</span> <span class='ocrx_word' id='word_1_312' title='bbox 1589 4293 1825 4360; x_wconf 87' lang='lat' dir='ltr'>reperio.</span> <span class='ocrx_word' id='word_1_313' title='bbox 1902 4289 1973 4342; x_wconf 85' lang='lat' dir='ltr'>Et</span> <span class='ocrx_word' id='word_1_314' title='bbox 2031 4288 2193 4344; x_wconf 90' lang='lat' dir='ltr'>Gorii</span> <span class='ocrx_word' id='word_1_315' title='bbox 2252 4288 2475 4362; x_wconf 87' lang='lat' dir='ltr'>quidem</span> <span class='ocrx_word' id='word_1_316' title='bbox 2528 4309 2683 4344; x_wconf 87' lang='lat' dir='ltr'>error</span> <span class='ocrx_word' id='word_1_317' title='bbox 2739 4292 2832 4344; x_wconf 89' lang='lat' dir='ltr'>ille</span> 
     </span>
     <span class='ocr_line' id='line_1_38' title="bbox 295 4379 2832 4455; baseline 0 -17"><span class='ocrx_word' id='word_1_318' title='bbox 295 4399 490 4439; x_wconf 79' lang='lat' dir='ltr'>natus</span> <span class='ocrx_word' id='word_1_319' title='bbox 534 4380 748 4435; x_wconf 79' lang='lat' dir='ltr'>videtur</span> <span class='ocrx_word' id='word_1_320' title='bbox 787 4379 947 4449; x_wconf 86' lang='lat' dir='ltr'>inde,</span> <span class='ocrx_word' id='word_1_321' title='bbox 998 4381 1143 4454; x_wconf 87' lang='lat' dir='ltr'>quod</span> <span class='ocrx_word' id='word_1_322' title='bbox 1185 4386 1362 4453; x_wconf 86' lang='lat' dir='ltr'>ipsum</span> <span class='ocrx_word' id='word_1_323' title='bbox 1400 4398 1569 4454; x_wconf 87' lang='lat' dir='ltr'>quum</span> <span class='ocrx_word' id='word_1_324' title='bbox 1610 4381 1716 4433; x_wconf 86' lang='lat' dir='ltr'>alia</span> <span class='ocrx_word' id='word_1_325' title='bbox 1758 4397 1884 4433; x_wconf 85' lang='lat' dir='ltr'>saxa</span> <span class='ocrx_word' id='word_1_326' title='bbox 1923 4385 2066 4434; x_wconf 87' lang='lat' dir='ltr'>scire</span> <span class='ocrx_word' id='word_1_327' title='bbox 2105 4387 2453 4455; x_wconf 85' lang='lat' dir='ltr'>cupientem,</span> <span class='ocrx_word' id='word_1_328' title='bbox 2509 4402 2639 4437; x_wconf 87' lang='lat' dir='ltr'>num</span> <span class='ocrx_word' id='word_1_329' title='bbox 2681 4383 2832 4438; x_wconf 87' lang='lat' dir='ltr'>edita</span> 
     </span>
     <span class='ocr_line' id='line_1_39' title="bbox 294 4474 2833 4548; baseline -0.001 -14"><span class='ocrx_word' id='word_1_330' title='bbox 294 4489 545 4537; x_wconf 76' lang='lat' dir='ltr'>essent,</span> <span class='ocrx_word' id='word_1_331' title='bbox 604 4492 721 4528; x_wconf 88' lang='lat' dir='ltr'>tum</span> <span class='ocrx_word' id='word_1_332' title='bbox 769 4474 902 4529; x_wconf 88' lang='lat' dir='ltr'>illud</span> <span class='ocrx_word' id='word_1_333' title='bbox 955 4477 1033 4530; x_wconf 81' lang='lat' dir='ltr'>m</span> <span class='ocrx_word' id='word_1_334' title='bbox 1076 4476 1271 4530; x_wconf 79' lang='lat' dir='ltr'>CIPPI</span> <span class='ocrx_word' id='word_1_335' title='bbox 1312 4475 1388 4529; x_wconf 85' lang='lat' dir='ltr'>IN</span> <span class='ocrx_word' id='word_1_336' title='bbox 1427 4475 1822 4530; x_wconf 76' lang='lat' dir='ltr'>PEDATVRA</span> <span class='ocrx_word' id='word_1_337' title='bbox 1861 4490 1967 4529; x_wconf 88' lang='lat' dir='ltr'>cet.</span> <span class='ocrx_word' id='word_1_338' title='bbox 2027 4475 2455 4548; x_wconf 82' lang='lat' dir='ltr'>Hagenbuchius</span> <span class='ocrx_word' id='word_1_339' title='bbox 2511 4482 2701 4531; x_wconf 83' lang='lat' dir='ltr'>statim</span> <span class='ocrx_word' id='word_1_340' title='bbox 2741 4498 2833 4531; x_wconf 87' lang='lat' dir='ltr'>ex-</span> 
     </span>
     <span class='ocr_line' id='line_1_40' title="bbox 291 4565 2833 4648; baseline -0.001 -22"><span class='ocrx_word' id='word_1_341' title='bbox 291 4568 520 4648; x_wconf 80' lang='lat' dir='ltr'>pedire</span> <span class='ocrx_word' id='word_1_342' title='bbox 559 4574 773 4640; x_wconf 87' lang='lat' dir='ltr'>potuit,</span> <span class='ocrx_word' id='word_1_343' title='bbox 829 4567 926 4624; x_wconf 87' lang='lat' dir='ltr'>sed</span> <span class='ocrx_word' id='word_1_344' title='bbox 966 4574 1086 4622; x_wconf 85' lang='lat' dir='ltr'>siue</span> <span class='ocrx_word' id='word_1_345' title='bbox 1126 4567 1397 4622; x_wconf 87' lang='lat' dir='ltr'>eiusmodi</span> <span class='ocrx_word' id='word_1_346' title='bbox 1435 4565 1704 4622; x_wconf 83' lang='lat' dir='ltr'>subsidio.</span> <span class='ocrx_word' id='word_1_347' title='bbox 1784 4569 1963 4640; x_wconf 82' lang='lat' dir='ltr'>Igitur</span> <span class='ocrx_word' id='word_1_348' title='bbox 1999 4587 2164 4640; x_wconf 86' lang='lat' dir='ltr'>quum</span> <span class='ocrx_word' id='word_1_349' title='bbox 2210 4575 2375 4622; x_wconf 86' lang='lat' dir='ltr'>istam</span> <span class='ocrx_word' id='word_1_350' title='bbox 2413 4587 2567 4623; x_wconf 86' lang='lat' dir='ltr'>suam</span> <span class='ocrx_word' id='word_1_351' title='bbox 2611 4588 2833 4645; x_wconf 80' lang='lat' dir='ltr'>persna-</span> 
     </span>
     <span class='ocr_line' id='line_1_41' title="bbox 289 4660 2830 4736; baseline -0.003 -13"><span class='ocrx_word' id='word_1_352' title='bbox 289 4674 566 4723; x_wconf 79' lang='lat' dir='ltr'>sionem,</span> <span class='ocrx_word' id='word_1_353' title='bbox 605 4677 864 4732; x_wconf 82' lang='lat' dir='ltr'>quaerere</span> <span class='ocrx_word' id='word_1_354' title='bbox 903 4679 1152 4736; x_wconf 84' lang='lat' dir='ltr'>pergens,</span> <span class='ocrx_word' id='word_1_355' title='bbox 1188 4666 1397 4714; x_wconf 84' lang='lat' dir='ltr'>amicus</span> <span class='ocrx_word' id='word_1_356' title='bbox 1431 4660 1778 4714; x_wconf 85' lang='lat' dir='ltr'>Florentinus</span> <span class='ocrx_word' id='word_1_357' title='bbox 1820 4667 2054 4733; x_wconf 78' lang='lat' dir='ltr'>aperiret</span> <span class='ocrx_word' id='word_1_358' title='bbox 2092 4677 2317 4726; x_wconf 86' lang='lat' dir='ltr'>nostro,</span> <span class='ocrx_word' id='word_1_359' title='bbox 2360 4663 2425 4715; x_wconf 86' lang='lat' dir='ltr'>ad</span> <span class='ocrx_word' id='word_1_360' title='bbox 2454 4666 2830 4719; x_wconf 83' lang='lat' dir='ltr'>Gorianarum</span> 
     </span>
     <span class='ocr_line' id='line_1_42' title="bbox 287 4753 2833 4828; baseline -0.004 -9"><span class='ocrx_word' id='word_1_361' title='bbox 287 4765 616 4819; x_wconf 82' lang='lat' dir='ltr'>literarum</span> <span class='ocrx_word' id='word_1_362' title='bbox 670 4758 977 4827; x_wconf 80' lang='lat' dir='ltr'>marginem</span> <span class='ocrx_word' id='word_1_363' title='bbox 1033 4754 1309 4828; x_wconf 82' lang='lat' dir='ltr'>adscripta</span> <span class='ocrx_word' id='word_1_364' title='bbox 1361 4753 1430 4805; x_wconf 84' lang='lat' dir='ltr'>ab</span> <span class='ocrx_word' id='word_1_365' title='bbox 1476 4771 1543 4806; x_wconf 89' lang='lat' dir='ltr'>eo</span> <span class='ocrx_word' id='word_1_366' title='bbox 1582 4753 1677 4805; x_wconf 86' lang='lat' dir='ltr'>illa</span> <span class='ocrx_word' id='word_1_367' title='bbox 1716 4759 1964 4807; x_wconf 88' lang='lat' dir='ltr'>invenio:</span> <span class='ocrx_word' id='word_1_368' title='bbox 2031 4761 2170 4826; x_wconf 77' lang='lat' dir='ltr'>„qui</span> <span class='ocrx_word' id='word_1_369' title='bbox 2214 4757 2315 4808; x_wconf 88' lang='lat' dir='ltr'>tibi</span> <span class='ocrx_word' id='word_1_370' title='bbox 2355 4753 2535 4811; x_wconf 80' lang='lat' dir='ltr'>dixit?</span> <span class='ocrx_word' id='word_1_371' title='bbox 2598 4759 2833 4811; x_wconf 83' lang='lat' dir='ltr'>Utinam</span> 
     </span>
     <span class='ocr_line' id='line_1_43' title="bbox 286 4847 2679 4922; baseline -0.004 -12"><span class='ocrx_word' id='word_1_372' title='bbox 286 4870 438 4910; x_wconf 78' lang='lat' dir='ltr'>vera</span> <span class='ocrx_word' id='word_1_373' title='bbox 486 4847 736 4902; x_wconf 83' lang='lat' dir='ltr'>diceres!</span> <span class='ocrx_word' id='word_1_374' title='bbox 801 4851 895 4903; x_wconf 84' lang='lat' dir='ltr'>Me</span> <span class='ocrx_word' id='word_1_375' title='bbox 931 4853 1425 4922; x_wconf 84' lang='lat' dir='ltr'>occupatissimum</span> <span class='ocrx_word' id='word_1_376' title='bbox 1461 4847 1634 4901; x_wconf 84' lang='lat' dir='ltr'>multa</span> <span class='ocrx_word' id='word_1_377' title='bbox 1671 4849 1813 4900; x_wconf 85' lang='lat' dir='ltr'>mihi</span> <span class='ocrx_word' id='word_1_378' title='bbox 1855 4866 2149 4910; x_wconf 81' lang='lat' dir='ltr'>excusant;</span> <span class='ocrx_word' id='word_1_379' title='bbox 2202 4868 2362 4922; x_wconf 82' lang='lat' dir='ltr'>spero</span> <span class='ocrx_word' id='word_1_380' title='bbox 2402 4867 2457 4905; x_wconf 87' lang='lat' dir='ltr'>et</span> <span class='ocrx_word' id='word_1_381' title='bbox 2498 4851 2679 4902; x_wconf 80' lang='lat' dir='ltr'>aliis.’·</span> 
     </span>
    </p>
   </div>
   <div class='ocr_carea' id='block_1_10' title="bbox 383 4942 2321 5024">
    <p class='ocr_par' dir='ltr' id='par_1_12' title="bbox 383 4942 2321 5024">
     <span class='ocr_line' id='line_1_44' title="bbox 383 4942 2321 5024; baseline -0.006 -11"><span class='ocrx_word' id='word_1_382' title='bbox 383 4971 587 5013; x_wconf 67' lang='lat' dir='ltr'>collect.</span> <span class='ocrx_word' id='word_1_383' title='bbox 616 4970 824 5024; x_wconf 72' lang='lat' dir='ltr'>Inscripti.</span> <span class='ocrx_word' id='word_1_384' title='bbox 848 4968 981 5010; x_wconf 70' lang='lat' dir='ltr'>Latin.</span> <span class='ocrx_word' id='word_1_385' title='bbox 1014 4970 1107 5010; x_wconf 75' lang='lat' dir='ltr'>vot.</span> <span class='ocrx_word' id='word_1_386' title='bbox 1127 4970 1163 5010; x_wconf 79' lang='grc' dir='ltr'>Ι.</span> <span class='ocrx_word' id='word_1_387' title='bbox 2242 4942 2321 5003; x_wconf 73' lang='lat'>36</span> 
     </span>
    </p>
   </div>
  </div>
 </body>
</html>
