3502 5487
792 614 1136 683 ciinnsnri
1176 667 1191 681 .
1239 666 1253 681 .
1295 665 1309 682 .
1349 648 1396 682 v.
1437 630 1696 681 mffiatorn
1734 636 1902 693 spuria
1940 631 2071 681 1807
2095 666 2110 692 ‚
2153 632 2203 682 1.
2242 632 2296 681 2.

791 724 1201 772 coLanomvs
1239 718 1519 781 (Claudius)
1556 737 1601 768 v.
1644 724 1789 769 Grut.
1830 726 1972 781 Spur.
2019 720 2112 781 15,
2153 721 2203 769 8.

789 800 1075 858 comma
1121 811 1440 869 (namma-m
1486 810 1567 871 ae)
1616 811 1900 873 Antiquae.
1947 811 2008 857 «ιο
2047 813 2102 857 ια
2143 812 2258 857 omo
2307 810 2368 859 «ιο
2417 810 2583 873 Lyca.
2640 810 2793 862 17⁰1.
2846 786 2931 861 12ss
3034 816 3157 861 nuic

650 916 836 962 quoque
872 916 966 947 non
1003 914 1193 957 semper
1228 898 1483 946 fidendum.

789 989 1104 1037 COLVMNA
1141 987 1487 1047 (Fr-unciariae)
1522 1002 1569 1034 v.
1609 988 2037 1036 POLYPHILVS.

789 1078 1105 1126 CORSINVS
1143 1074 1457 1133 (Edam-dtu)
1493 1076 1703 1131 „Series
1738 1073 1913 1137 Praes.
1957 1074 2128 1122 Vre-ce.
2168 1101 2234 1115 -
2268 1077 2400 1122 Pisis
2442 1073 2570 1124 1763
2634 1074 2683 1124 4.
2759 1079 2941 1125 Invitus
2965 1082 3159 1139 quidem

649 1169 779 1214 carui
812 1173 859 1213 et
904 1168 1111 1214 editione
1146 1169 1297 1212 altera
1334 1172 1381 1212 et
1408 1166 1641 1211 vindiciis
1678 1163 1928 1221 stlat-inii,
1968 1167 2052 1210 sed
2093 1166 2139 1210 in
2178 1165 2340 1222 priore
2375 1171 2506 1211 certe
2542 1167 2719 1212 misere
2749 1182 2894 1225 saepe
2931 1171 3163 1225 deceptus

647 1262 722 1303 est
756 1272 784 1301 a
824 1254 980 1302 Gades·
1017 1260 1062 1300 et
1091 1252 1369 1299 Marmora·
1407 1254 1717 1314 Ligurianis:
1760 1256 1893 1299 cuius
1929 1256 2000 1299 rei
2031 1255 2216 1314 insigne
2250 1256 2519 1310 exemplum
2552 1254 2752 1311 praebet
2782 1270 2829 1312 p.
2877 1254 2994 1303 ³⁰1.
3019 1290 3052 1312 ι,
3075 1257 3159 1317 ubi

651 1351 971 1390 commentum
1008 1340 1097 1389 hoc
1127 1342 1441 1403 Ligoriauum
1477 1342 1613 1388 lov!
1652 1343 1932 1388 STATORI
1968 1343 2096 1387 FvL
2139 1345 2159 1392 tl
2203 1342 2535 1388 GVRATORI
2574 1344 2635 1389 D.
2663 1345 2723 1395 D.
2770 1345 2791 1394 {l
2833 1345 2892 1389 C.
2922 1346 3151 1392 Sllesi.

647 1426 1032 1478 PA'rnvmvs.
1062 1434 1124 1476 V.
1160 1431 1219 1477 C.
1266 1435 1285 1481 ΙΙ
1328 1431 1749 1477 PRAEFECTVS
1788 1432 1932 1475 VRB.
1974 1431 2066 1475 Ex
2095 1433 2156 1475 V.
2194 1434 2213 1480 ΙΙ
2246 1431 2387 1478 SOL.
2429 1454 2495 1465 --
2533 1446 2558 1477 e
2591 1433 2749 1477 Gudio
2790 1430 2848 1489 6,
2891 1431 2942 1478 ⁴.
2983 1436 3040 1479 ad
3071 1449 3154 1479 an-

647 1536 759 1568 num
795 1534 842 1577 p.
883 1521 1001 1566 Chr.
1051 1517 1169 1567 397.
1216 1520 1407 1579 refert;
1464 1521 1598 1578 quasi
1642 1535 1760 1566 vero
1808 1525 1915 1565 tunc
1963 1521 2193 1576 temporis
2240 1520 2498 1565 Praefecto
2541 1522 2663 1566 Vrbi
2708 1522 2809 1566 Iovi
2840 1524 3020 1567 Statori
3057 1528 3150 1567 cet.

648 1616 810 1655 votum
856 1611 1045 1654 solvere
1096 1609 1334 1655 licuisset!
1389 1609 1574 1654 Similia
1614 1622 1699 1665 per
1736 1614 1888 1654 totum
1925 1608 2099 1654 librum
2143 1610 2323 1667 passim
2365 1610 2596 1655 invenies.
2690 1602 2875 1656 Inedit'a
2909 1624 3157 1656 marmora

648 1699 794 1744 habet
829 1700 976 1743 nulla.

790 1787 1082 1832 cvrssnvs
1121 1784 1429 1842 (Gisbertus)
1467 1800 1561 1830 non
1594 1787 1751 1830 solum
1784 1786 2053 1841 complures
2081 1786 2322 1840 inscriptt.
2364 1786 2565 1831 ineditas
2596 1787 2714 1831 oiim
2749 1785 2981 1833 beneficio
3009 1787 3052 1832 1.
3082 1785 3150 1832 G.

648 1873 858 1920 Graevii
899 1889 957 1920 ex
1006 1872 1163 1919 Gadda·
1199 1858 1483 1920 coilectione
1520 1875 1795 1930 excerpsit,
1858 1879 1908 1918 ut
1949 1875 2053 1930 ipse
2090 1877 2292 1918 testatur
2322 1874 2369 1917 in
2408 1874 2630 1929 Epistola
2666 1876 2952 1929 Consulari,
3010 1890 3154 1934 quam

647 1963 1042 2009 Almloveem'us
1079 1964 1334 2008 Fastorum
1361 1977 1558 2008 suorum
1587 1962 1874 2019 praefationi
1917 1963 2117 2006 inseruit
2153 1975 2261 2021 pag.
2304 1961 2373 2001 ’.·
2413 1959 2462 2006 3.
2501 1962 2552 2007 b.
2577 1996 2590 2018 ,
2630 1966 2711 2008 sed
2746 1970 2793 2009 et
2816 1962 3037 2008 Relcmdo
3072 1977 3154 2009 oc-

649 2053 893 2097 casionem
935 2053 1063 2097 dedit
1101 2052 1341 2097 Gudianas
1379 2052 1713 2107 inscriptiones
1751 2052 1799 2095 in
1838 2051 2032 2095 aedibus
2075 2051 2368 2097 Hesselianis
2406 2052 2723 2107 inspiciendi,
2766 2057 2887 2098 teste
2933 2051 3156 2098 natando

651 2143 701 2186 in
744 2137 917 2200 praes.
957 2141 1015 2184 ad
1037 2137 1235 2199 state-ie
1272 2140 1357 2184 sui
1402 2137 1580 2184 Festos
1616 2153 1707 2198 pag
1745 2139 1761 2157 ⁶
1787 2140 1803 2156 ⁶
1830 2139 1847 2157 ⁹
1875 2140 1913 2184 '-
1987 2139 2105 2184 Hinc
2147 2145 2304 2184 autem
2340 2141 2551 2194 factum,
2597 2147 2676 2194 ut,
2729 2140 3014 2206 observante
3059 2142 3155 2185 iam

647 2226 856 2290 Maffeio
891 2229 939 2273 in
973 2227 1167 2287 Ver-oria
1203 2228 1463 2273 illustrata
1506 2227 1568 2271 T.
1594 2228 1634 2273 1.
1673 2240 1720 2283 p.
1765 2223 1882 2273 308.
1924 2229 1998 2272 ed.
2042 2228 2161 2273 min.
2186 2259 2200 2283 ,
2258 2227 2403 2272 xxi.
2447 2228 2792 2284 Inscriptiones
2826 2229 2875 2274 in
2915 2229 3155 2274 chEm

649 2317 852 2375 epistola
889 2317 1128 2361 consulari
1170 2317 1378 2372 primum
1415 2317 1568 2361 editae
1605 2317 1846 2360 act-«unam
1889 2330 2055 2360 omues
2092 2316 2422 2372 supposititiae
2461 2318 2575 2361 sint.
2617 2318 2893 2362 HAGENB.

790 2405 1103 2451 CYRIACVS
1139 2402 1626 2460 ANCONITANVS,
1677 2406 1755 2449 vir
1784 2405 2040 2463 singularis
2077 2410 2125 2450 et
2168 2417 2318 2460 paene
2362 2405 2632 2450 incredibili
2675 2407 2958 2465 peregrinas
2997 2412 3156 2451 terras

648 2495 830 2540 visendi
865 2498 1007 2553 atque
1043 2494 1337 2552 antiquitatis
1366 2494 1594 2551 reliquias
1625 2493 1939 2552 investigandi
1975 2494 2133 2538 studio
2163 2495 2366 2549 ardens,
2407 2508 2550 2552 quum
2587 2509 2615 2539 a
2649 2495 2892 2552 plerisque
2923 2495 3042 2541 olim
3074 2508 3156 2540 ve-

648 2584 736 2629 luti
774 2584 898 2628 aiter
938 2581 1174 2643 Ligurius
1210 2582 1405 2639 probris
1439 2583 1613 2627 iniuste
1664 2582 1989 2637 laceraretur,
2048 2583 2297 2642 egregium
2352 2583 2540 2627 tandem
2577 2587 2830 2638 patronum
2873 2588 3038 2627 nactus
3081 2587 3157 2628 est

650 2668 1056 2717 Tit-oboeditum.
1093 2670 1266 2716 Stoi-ia
1300 2669 1434 2715 della
1470 2672 1769 2715 leuet-utura
1804 2669 2026 2716 Italicum
2071 2669 2134 2715 Τ.
2174 2671 2260 2716 Vl.
2300 2670 2357 2716 P.
2401 2671 2439 2716 1.
2480 2684 2528 2726 p.
2572 2668 2689 2716 263.
2731 2671 2823 2717 Ed.
2862 2670 2918 2716 dc·
2958 2669 3157 2716 Μὶἱαηο

651 2758 803 2806 1824.
878 2761 931 2807 ld
966 2762 1159 2819 quidem
1202 2762 1328 2805 ultro
1366 2761 1606 2815 fatemur,
1659 2774 1769 2805 eum
1805 2764 1851 2804 et
1887 2761 2137 2817 deceptum
2178 2773 2286 2805 esse
2329 2760 2567 2805 interdum
2602 2761 2663 2805 ab
2702 2761 2976 2806 bominibus
3017 2762 3154 2806 stau-

646 2850 888 2905 dulentis,
947 2853 994 2894 et
1037 2850 1086 2894 in
1131 2850 1279 2893 titulis
1330 2849 1657 2893 exscribendis
1703 2849 1883 2904 passim
1931 2850 2004 2892 vei
2054 2853 2252 2905 propter
2309 2849 2546 2893 inscitiam
2592 2850 2665 2894 vel
2711 2855 2910 2906 propter
2958 2851 3155 2894 nimiam

645 2938 1000 2984 festinationem
1043 2951 1303 2993 peccasse,
1362 2937 1486 2994 quod
1528 2937 1718 2995 quidem
1761 2938 1902 2995 longe
1946 2937 2138 2992 saepius
2177 2938 2220 2981 ei
2266 2938 2454 2982 videtur
2495 2938 2724 2983 accidisse
2748 2971 2760 2993 ,
2819 2952 2961 2997 quam
3002 2939 3153 2996 iilud;

648 3027 909 3087 quocirca,
968 3038 1087 3082 quae
1124 3026 1168 3070 ei
1212 3026 1304 3070 soli
1337 3024 1597 3081 debentur,
1656 3026 1932 3071 cautissime
1961 3030 2072 3070 sunt
2109 3026 2436 3070 examinanda.
2533 3027 2715 3071 Verum
2759 3026 2885 3071 bona
2921 3025 3012 3071 fide
3048 3027 3158 3071 CY-

645 3113 897 3160 Rucvm
933 3115 1119 3174 egisse,
1161 3128 1284 3159 nuuc
1315 3115 1362 3159 in
1401 3118 1648 3170 comperto
1681 3119 1772 3159 est.
1847 3115 1940 3159 Sed
1978 3115 2024 3158 id
2059 3114 2263 3159 maxime
2299 3114 2453 3158 famae
2492 3115 2594 3159 eius
2634 3115 2824 3170 offecit,
2865 3116 2990 3173 quod
3031 3116 3157 3159 tituli

645 3204 829 3262 aliquot
862 3203 1118 3248 manifesto
1155 3202 1502 3257 commenticii,
1542 3204 1589 3247 in
1616 3203 1784 3259 primis
1820 3202 2160 3259 Hispanienses
2195 3203 2402 3261 quidam,
2444 3204 2546 3248 eius
2578 3203 2666 3247 sub
2697 3204 2890 3248 nomine
2915 3204 3156 3249 feruntur.

647 3293 750 3338 Hoc
801 3292 949 3352 igitur
1002 3291 1200 3337 crimine
1247 3287 1642 3350 Hagenbuchcm
1669 3324 1682 3346 ‚
1746 3291 1998 3336 destitutus
2052 3292 2195 3336 etiam
2252 3296 2360 3336 tunc
2408 3296 2456 3336 et
2503 3291 2758 3336 itinerario
2814 3291 3071 3336 ermae!
3127 3305 3158 3334 a

646 3377 879 3427 Meliust«)
914 3380 1071 3438 edito,
1112 3385 1161 3425 et
1195 3378 1422 3424 subsidiis
1462 3381 1602 3438 ionge
1639 3379 2100 3437 praestantioribus,
2141 3393 2345 3437 quorum
2384 3393 2498 3424 usus
2530 3393 2789 3425 concessus
2827 3384 2933 3424 erat
2965 3381 3160 3425 demum

650 3463 1014 3523 Tin-abosolute,
1079 3482 1187 3516 eum
1226 3481 1426 3524 prorsus
1464 3467 1674 3513 liberare
1718 3483 1813 3512 non
1859 3469 2046 3524 potuit,
2104 3482 2162 3514 ex
2205 3482 2299 3527 quo
2330 3469 2506 3513 factum
2541 3473 2647 3522 est,
2707 3473 2758 3512 ut
2798 3468 2887 3514 boc
2930 3470 3159 3514 iudicium

646 3559 826 3604 ferret:
877 3562 1090 3611 „certum
1133 3560 1233 3612 est,
1286 3556 1621 3600 CYRIACVM
1665 3556 2008 3612 Hispanienses
2046 3556 2384 3612 inscriptiones
2424 3558 2584 3612 piures
2622 3555 2946 3614 confinxisse;
3003 3571 3157 3615 neque

648 3648 681 3693 ii
708 3652 930 3706 megant,
982 3646 1061 3704 qui
1112 3659 1223 3690 eum
1260 3647 1317 3690 de
1367 3646 1475 3690 aliis
1513 3644 1904 3701 inscriptionibus
1942 3645 2175 3690 Graeciae
2213 3649 2260 3689 et
2297 3645 2476 3699 lllyrici
2512 3647 2689 3689 merito
2727 3646 2966 3690 vindicant
2994 3651 3042 3690 et
3071 3646 3157 3689 ab·

646 3737 869 3790 solvunt,
911 3749 1004 3780 non
1042 3735 1157 3779 item
1195 3736 1251 3778 de
1297 3712 1711 3790 Hispaniensibus.
1802 3733 1965 3778 Editio
2002 3734 2371 3790 Inscriptiouum
2408 3733 2665 3780 CYmACI
2707 3734 2975 3778 Barberina
3016 3730 3158 3779 Com-

640 3824 902 3884 pagnonio
940 3829 986 3868 et
1021 3821 1307 3867 Meu-utorio
1345 3822 1433 3866 suit
1472 3823 1634 3881 ignota
1656 3855 1669 3877 ‚
1710 3836 1804 3866 non
1846 3819 2054 3883 Dlaffeio
2077 3855 2088 3877 ,
2130 3836 2224 3866 non
2262 3819 2555 3877 d'Orvilh'o,
2607 3836 2700 3867 non
2738 3818 2972 3868 Letehtoz
3032 3837 3157 3869 nunc

648 3914 759 3971 quia
795 3913 870 3958 edi
907 3912 1081 3957 Secuto
1118 3911 1282 3956 xvn.
1325 3916 1550 3966 coeptae,
1617 3915 1666 3954 at
1706 3924 1800 3954 non
1838 3911 2075 3967 perfectae
2113 3924 2264 3968 neque
2303 3911 2600 3966 divenditae,
2659 3911 2823 3955 titulus
2861 3916 2934 3956 est
2970 3913 3156 3957 additus

648 4014 1037 4071 divenditurque‚
1077 4007 1298 4057 omnibus
1330 4014 1419 4074 ⁴est
1459 4013 1607 4066 nota;
1658 4021 1777 4066 quae
1817 3990 2069 4057 ’ἔκδυσις
2105 4007 2298 4050 omniuo
2337 4007 2474 4052 docet
2497 4040 2509 4062 ,
2551 4006 2888 4052 cYmAcvm
2923 3994 3158 4053 πλάνον

647 4116 740 4146 uon
770 4101 949 4154 fuisse,
987 4101 1255 4159 farinamque
1286 4101 1390 4146 eius
1429 4102 1604 4143 tuetur.
1679 4100 1738 4140 At
1769 4095 2162 4149 Hispaniensibus
2202 4094 2469 4149 lapidibus,
2512 4097 2591 4153 qui
2633 4097 2678 4140 in
2712 4097 2854 4140 editis
2898 4094 3156 4140 CYmact

620 4191 761 4235 nulii
798 4192 1001 4244 dantur,
1041 4190 1157 4234 nihil
1189 4189 1295 4234 inde
1341 4188 1552 4239 accedit,
1608 4190 1860 4242 manetque
1890 4184 2131 4229 accusatio
2175 4185 2232 4228 de
2263 4181 2385 4228 fictis
2425 4183 2682 4229 CYmAcl
2722 4183 3151 4240 Hispaniensibus:

645 4281 737 4325 nisi
779 4280 884 4338 quis
931 4281 1075 4333 velit,
1132 4278 1280 4322 alium
1338 4277 1650 4333 impostorem
1699 4271 1954 4320 cYmACI
2005 4272 2195 4317 nomine
2247 4271 2448 4316 abusum
2492 4285 2603 4317 suas
2648 4273 2714 4317 ita
2758 4273 2952 4317 fraudes
2991 4276 3154 4331 tegere

644 4374 851 4416 tentasse
875 4401 888 4422 ,
942 4373 991 4412 ut
1028 4364 1309 4411 Cymaeo
1348 4364 1687 4419 adscripserit,
1749 4376 1869 4419 quae
1915 4361 1974 4404 ab
2013 4374 2071 4404 eo
2107 4361 2300 4404 minime
2337 4366 2474 4404 erant
2510 4361 2744 4418 profecta.
2819 4361 2893 4405 De
2928 4360 3002 4404 his
3039 4372 3158 4403 vero

643 4457 978 4502 CYRMCVM
1014 4470 1157 4500 nemo
1194 4456 1445 4499 doctorum
1480 4453 1629 4496 adbuc
1651 4483 1663 4504 ,
1715 4455 1942 4509 quantum
1977 4449 2251 4495 meminisse
2289 4463 2484 4504 possum
2506 4482 2517 4504 ‚
2572 4462 2806 4495 excusare
2841 4450 3021 4503 voluit,
3072 4462 3155 4511 ηρ-

641 4548 752 4591 dum
788 4551 843 4594 ut,
873 4545 1099 4600 potuerit.
1194 4543 1246 4586 ln
1284 4542 1424 4586 editis
1463 4538 1718 4584 CYRIACI
1759 4543 1964 4581 maxima
1999 4551 2112 4592 pars
2154 4530 2384 4594 genuinas
2429 4539 2767 4594 inscriptiones
2803 4538 2961 4582 sistit:
3014 4549 3159 4595 qnam

641 4636 783 4679 babet
824 4648 872 4691 p.
919 4629 968 4677 8.
1010 4631 1072 4677 N.
1115 4629 1198 4676 66.
1245 4645 1274 4674 a
1317 4627 1536 4675 Gruter-0
1584 4629 1631 4671 in
1681 4627 1859 4682 spuriis
1905 4626 2022 4670 oiim
2064 4625 2240 4669 editam
2289 4623 2349 4680 4,
2407 4623 2458 4671 2.
2511 4624 2731 4684 Sponius
2780 4628 2876 4670 iam
2925 4626 3153 4671 defendit.

642 4724 806 4767 insunt
844 4728 1034 4769 tamen.
1087 4721 1171 4764 sed
1214 4719 1406 4764 minime
1446 4718 1653 4770 multae,
1711 4729 1831 4774 quae
1865 4705 2144 4759 CYmAco
2182 4727 2273 4771 pro
2306 4717 2435 4759 veris
2474 4714 2698 4759 obtrusae
2735 4720 2882 4768 sunt,
2941 4715 3034 4758 nisi
3072 4727 3157 4759 eas

640 4811 741 4868 ipse
780 4811 937 4867 potius
978 4807 1223 4854 confinxit.
1262 4822 1308 4852 v.
1350 4821 1394 4851 c.
1435 4819 1482 4862 p.
1526 4802 1609 4850 41.
1651 4804 1712 4850 N.
1751 4801 1871 4849 263.
1911 4819 1938 4847 a
1973 4800 2261 4847 Mummio
2295 4809 2424 4849 recte
2457 4804 2503 4847 in
2537 4804 2725 4859 spurias
2764 4804 2937 4847 relata.
2982 4799 3113 4847 1816
3138 4834 3154 4858 ,

649 4900 696 4948 1.
728 4912 777 4955 p·
829 4897 912 4944 28.
948 4898 1008 4944 Β.
1054 4897 1171 4942 198.
1213 4901 1311 4942 tota
1341 4899 1413 4941 est
1452 4894 1775 4958 Herodotea.”
1813 4914 1877 4924 -
1916 4892 2155 4937 Hactenus
2192 4892 2381 4950 quidem
2419 4891 2939 4937 HAGENBVCHIVS.
3016 4890 3158 4936 Nunc
