3502 5487
491 2439 621 2477 ⁷⁸.

668 497 782 585 599
1513 490 1582 548 c.
1625 489 1711 547 ν.»
1781 488 1933 548 RES
1976 487 2317 547 sAanE.

666 624 925 681 refectae
977 623 1301 681 immolavit
1346 620 1863 680 Suovetaurilibus
1914 619 2276 689 maioribus,
2335 621 2478 676 item
2515 620 2594 678 ad
2638 620 2866 679 Aedem
2922 620 2948 678 ΙΙ
3004 621 3169 678 Deae

670 718 819 775 Diae
858 716 1040 774 boves
1079 719 1330 773 feminas
1369 716 1484 793 IL,
1542 715 1691 779 Iano
1735 716 1904 773 Patri
1959 716 2210 789 Arietes·
2236 715 2351 782 ῙῙ.,
2400 714 2540 771 =Iovi
2577 713 2879 772 verbeces
2918 715 2994 771 11.
3035 716 3176 772 alti-

671 812 912 884 laneos,
970 810 1152 868 Marti
1202 811 1228 868 ΙΙ
1284 811 1520 866 Arietes
1578 809 1887 866 altilaneos
1926 809 2041 877 ῙῙ.,
2099 809 2315 865 Iunoni
2371 808 2531 865 Deae
2587 808 2735 865 Diae
2777 807 2938 866 Oves
2997 810 3167 877 duaS,

670 906 797 962 sive
849 905 978 962 Deo
1028 906 1154 960 sive
1208 905 1369 961 Deae
1412 902 1572 960 Oves
1611 904 1729 972 ῙῙ.,
1800 900 2148 979 Virginibus
2211 904 2237 963 ll
2299 902 2469 959 Divis
2518 901 2678 960 Oves
2723 903 2839 971 ῙῙ.,
2908 903 3175 960 Famulis

670 987 841 1056 Divis
894 996 1194 1055 Verbeces
1243 998 1358 1065 ῙῙ.,
1414 995 1673 1054 Laribus
1725 996 2026 1055 Verbeces
2072 997 2187 1063 IL,
2245 995 2430 1053 Matri
2479 996 2705 1053 Larum
2757 996 2916 1055 Oves
2961 998 3079 1065 ῙῙ.,
3141 998 3170 1055 fl

671 1095 797 1150 sive
835 1093 964 1149 Deo
1005 1095 1130 1148 sive
1176 1091 1369 1159 Deae,
1427 1093 1488 1147 in
1535 1093 1702 1148 cuius
1746 1092 1930 1148 tutela
1978 1093 2074 1148 hic
2114 1090 2314 1147 Lucus
2360 1090 2635 1147 Locusve
2682 1103 2805 1159 est,
2865 1090 3025 1148 Oves
3064 1092 3171 1161 11„

671 1187 850 1246 Fonti
886 1185 1188 1243 Verbeces
1230 1186 1343 1253 IL,
1398 1186 1422 1243 ΙΙ
1473 1186 1685 1242 Florae
1726 1184 1888 1243 Oves
1927 1186 2044 1253 IL,
2102 1184 2320 1241 Vestae
2361 1183 2520 1241 Oves
2561 1185 2677 1254 ῙῙ.,
2735 1185 2950 1242 Vestae
2992 1185 3178 1242 Matri

675 1273 834 1339 Oves
881 1281 997 1348 ῙῙ.,
1055 1281 1196 1337 item
1239 1279 1619 1348 Adolendae,
1670 1278 2141 1346 Comnolendae,
2201 1278 2612 1336 Dellferundae
2655 1278 2814 1335 Oves
2855 1280 2972 1347 ῙῙ.,
3031 1282 3170 1335 item

647 1386 809 1431 ,ante
852 1375 1210 1432 Caesareum
1248 1374 1418 1431 Divis
1459 1393 1709 1430 numero
1746 1373 1915 1430 XVI.
1957 1370 2257 1430 Verbeees
2304 1373 2630 1429 immolavit
2667 1370 2835 1431 XVI.
2896 1374 2920 1431 ΙΙ
2975 1373 3173 1429 Isdem

676 1466 1034 1526 Consulibus
1070 1467 1237 1525 XVI.
1281 1466 1415 1523 Kal.
1463 1468 1595 1524 Iun.
1644 1469 1708 1524 in
1753 1467 1992 1524 domum
2031 1465 2254 1524 Licinii
2296 1465 2545 1543 Nepofis
2600 1467 2874 1545 Magistri
2922 1467 3168 1523 Fratres

675 1562 926 1619 Arvales
997 1563 1360 1637 praetextati¹
1414 1561 1439 1618 ΙΙ
1501 1559 1866 1618 sacrificium
1922 1562 2081 1618 Deae
2139 1561 2286 1618 Diae
2348 1571 2480 1617 ture
2547 1571 2605 1617 et
2674 1563 2813 1618 vino
2875 1562 3165 1629 fecerunt,

678 1655 874 1733 ibique
934 1654 1372 1712 discumbentes
1416 1654 1708 1712 toralibus
1731 1655 1791 1719 11
1849 1657 2229 1731 segmentatis
2280 1652 2757 1711 ministrantibus
2809 1658 3012 1731 pueris
3062 1674 3175 1730 pa-

675 1752 872 1807 trimis
924 1761 983 1806 et
1038 1752 1362 1815 mati-imis,
1377 1747 1781 1806 Senatorum
1819 1749 2020 1817 Finis,
2081 1750 2104 1807 ΙΙ
2167 1748 2362 1804 Acilio
2408 1749 2655 1817 Aviola,
2714 1760 2772 1804 et
2817 1749 3012 1805 Acilio
3059 1748 3171 1806 Se-

678 1863 856 1911 vero,
917 1855 975 1899 et
1019 1843 1102 1900 M.
1159 1844 1334 1918 leio
1387 1843 1648 1911 Boetho,
1707 1855 1766 1899 et
1799 1830 2064 1900 -Claudio
2117 1841 2465 1917 Sulpiciano
2517 1861 2651 1899 cum
2703 1841 2965 1899 Publicis
3015 1843 3040 1899 n
3097 1843 3172 1899 ad

676 1939 867 1994 Aram
910 1937 1273 1994 retulerunt.
1311 1936 1671 1994 Adfuerunt
1720 1939 1781 1993 in
1840 1937 2100 2013 Collegio
2154 1936 2229 2008 Q.
2284 1935 2554 1992 Licinius
2605 1934 2808 2011 Nepos
2862 1937 3169 2013 Magister,

682 2032 792 2088 Cn.
836 2031 1081 2088 Catilius
1137 2032 1160 2089 ΙΙ
1212 2029 1507 2099 Severus,
1567 2032 1641 2088 T.
1685 2030 1926 2087 Flavius
1970 2030 2384 2106 Sulpicianus,
2443 2030 2525 2086 M.
2573 2031 2870 2107 Antonius
2909 2031 3171 2087 Iuvenis.

678 2125 749 2181 P.
798 2126 1164 2181 Pescennius
1220 2124 1439 2201 Niger,
1498 2125 1581 2181 Μ.
1627 2125 1839 2201 leius
1888 2125 2095 2181 Astius
2146 2124 2418 2179 Praetor.
2482 2124 2505 2181 u
2566 2124 2762 2179 Isdem
2812 2122 3173 2181 Consulibus

681 2218 879 2274 XIIII.
922 2219 1053 2274 Kal.
1098 2220 1226 2274 Iun.
1286 2221 1346 2274 in
1392 2219 1559 2276 Luco
1596 2218 1757 2275 Deae
1800 2219 1947 2276 Diae
1993 2218 2068 2289 Q.
2113 2217 2379 2273 Licinius
2418 2218 2621 2303 Nepos
2662 2218 2818 2295 Mag.
2869 2218 2944 2277 ad
2986 2219 3177 2275 Aram

684 2312 1008 2369 immolavit
1080 2313 1104 2370 n
1178 2312 1460 2387 porcilias
1536 2312 1872 2388 piaculares
1940 2313 2018 2368 Π.
2104 2312 2255 2367 Luci
2325 2313 2762 2380 coiuchuendi,
2845 2323 2903 2368 et
2973 2315 3176 2387 operis

681 2407 970 2473 faciendi,
1030 2405 1226 2483 ibique
1290 2426 1560 2463 vaccam·
1593 2407 1621 2465 ΙΙ
1685 2409 2068 2463 honorariam
2120 2404 2312 2461 albam
2371 2406 2444 2461 ad
2500 2407 2759 2461 foculum
2817 2407 3171 2474 immolavit3

685 2500 1026 2557 sacerdotes
1058 2489 1145 2556 ‘in
1203 2501 1518 2575 tetrastylo
1580 2501 1604 2559 u
1668 2500 2102 2568 consederunt,
2160 2509 2219 2557 et
2263 2517 2337 2555 ex
2389 2497 2689 2556 sacrificio
2734 2500 2954 2575 epulati
3010 2511 3172 2570 sunt,

684 2598 1051 2672 sumptisque
1101 2598 1463 2670 praetextis,
1524 2606 1583 2652 et
1632 2594 1655 2653 ΙΙ
1707 2597 1950 2652 coronis
2003 2594 2220 2668 spiceis
2266 2590 2777 2661 vittatis“Lneum
2826 2594 2986 2650 Deae
3026 2594 3174 2650 Diae

686 2700 978 2746 summoto
1036 2689 1466 2758 ascenderunt,
1537 2701 1596 2746 et
1652 2708 1761 2765 per
1823 2691 1846 2747 ΙΙ
1911 2687 1986 2761 Q.
2039 2688 2339 2745 Licinium
2393 2688 2717 2763 Nepotem,
2789 2699 2846 2743 et
2898 2688 3176 2746 Catilium

688 2783 977 2840 Severum
1015 2782 1444 2840 Prossaminem
1494 2804 1707 2860 agnam
1754 2786 2010 2858 opimam
2070 2783 2592 2850 immolllaverunt3
2651 2784 3031 2864 perfectoque
3074 2803 3177 2839 sa·-

687 2873 915 2933 crificia
979 2896 1183 2933 omnes
1247 2888 1382 2933 ture
1436 2888 1495 2934 et
1541 2879 1690 2934 ‘vino
1746 2878 2049 2944 fecerunt,
2122 2877 2145 2934 ΙΙ
2214 2876 2425 2934 deinde
2496 2879 2738 2933 coronis
2797 2878 3030 2945 inlatis,
3088 2879 3177 2933 si·-

687 2971 938 3046 gnisque
977 2973 1172 3027 unctis
1218 2972 1564 3028 Petronium
1610 2971 1887 3028 Priscum
1929 2990 2005 3026 ex
2043 2968 2460 3027 Saturnalibus
2519 2971 2542 3028 ΙΙ
2597 2972 2807 3047 primis
2855 2974 2918 3028 in
2963 2970 3178 3028 Satur-

595 3113 602 3122 .
685 3063 842 3120 nalia
876 3065 1135 3120 secunda
1169 3065 1521 3141 Magistrum
1552 3067 1854 3133 fecerunt,
1899 3075 1957 3121 et
1987 3064 2256 3121 Flavium
2286 3064 2695 3140 Sulpicianum
2726 3065 3072 3122 Flaminem.
3108 3096 3171 3108 —

687 3157 910 3214 Marini
948 3160 1085 3210 Atti
1115 3168 1164 3216 1.
1208 3178 1266 3233 p.
1301 3159 1599 3216 CXLVII.

837 3275 1006 3328 2270.
1077 3268 1228 3327 Tab.
1282 3270 1445 3327 XLI.
1506 3302 1569 3314 —
1645 3312 2260 3329 .............
2316 3273 2629 3324 ἰηιηιοΙαυὶἰ
2680 3270 3175 3328 Suovetaurilibus

687 3361 1012 3420 maioribus
1050 3364 1211 3420 Deae
1251 3364 1398 3424 Diae
1434 3366 1621 3417 Boves
1640 3364 1906 3437 feminas
1949 3384 2176 3418 numero
2210 3365 2287 3420 II.
2339 3366 2362 3422 ΙΙ
2409 3366 2548 3420 Iano
2587 3355 2758 3417 Patri
2798 3369 3028 3442 “l-rietes
3062 3385 3179 3417 tm-

688 3477 842 3509 mero
893 3458 1002 3527 IL,
1073 3459 1201 3510 Iovi
1253 3460 1317 3514 V
1313 3459 1531 3510 erbeces
1579 3459 1689 3524 IL,
1759 3462 1951 3512 Marti
2008 3462 2237 3511 Arietes
2293 3478 2522 3511 numero
2574 3459 2680 3522 IL,
2752 3460 2956 3511 Iunoni
3015 3460 3179 3528 Qeae

685 3550 835 3607 Diae
889 3552 1049 3607 Oves
1103 3569 1351 3608 numero
1397 3552 1510 3618 IL,
1572 3553 1696 3608 sive
1744 3552 1872 3609 Deo
1925 3554 2050 3609 sive
2093 3552 2255 3608 Deae
2303 3552 2461 3608 Oves
2509 3571 2757 3607 numero
2803 3552 2880 3608 ΙΙ.
2943 3553 2966 3610 ΙΙ
3028 3555 3180 3614 Vir-

687 3645 916 3714 ginibus
965 3646 1138 3698 Divis
1182 3646 1334 3697 Oves
1375 3664 1604 3698 munero
1640 3646 1753 3709 IL,
1806 3647 2052 3698 Famulis
2087 3646 2261 3699 Divis
2301 3648 2365 3701 V
2358 3645 2578 3698 erbeces
2630 3665 2855 3698 numero
2891 3648 3000 3710 IL,
3055 3648 3180 3699 La-

688 3739 843 3790 ribus
879 3739 1159 3794 Verbeces
1194 3758 1422 3792 numero
1461 3739 1570 3805 IL,
1625 3740 1822 3792 Matri
1864 3738 2090 3798 Larum
2136 3739 2295 3796 Oves
2342 3750 2603 3795 numero
2636 3739 2713 3794 11.
2737 3782 2752 3806 ,
2808 3739 2987 3796 Fonti
3025 3740 3184 3796 Ver-

687 3828 864 3889 beces
911 3850 1159 3888 numero
1198 3833 1311 3899 ῙῙ.,
1369 3832 1579 3889 Florae
1633 3831 1794 3889 Oves
1825 3829 2095 3890 ‘numero
2140 3833 2217 3888 11.
2284 3834 2307 3891 ΙΙ
2368 3835 2579 3888 Vestae
2617 3833 2770 3885 Oves
2811 3853 3040 3886 munem
3082 3835 3181 3900 IL,

689 3927 903 3980 Vestae
941 3928 1135 3978 hlutri
1178 3928 1332 3979 Oves
1380 3947 1608 3984 numero
1645 3929 1758 3990 ῙῙ.,·
1825 3935 1962 3979 item
2009 3927 2334 3979 Adolendae
2397 3936 2502 3980 cet.
2563 3925 2723 3982 Oves
2769 3946 3018 3983 numero
3058 3927 3178 3992 II.;

688 4020 829 4076 item
891 4031 1027 4075 ante
1091 4020 1450 4077 Caesareum
1509 4022 1681 4079 Divis
1743 4003 1993 4082 numero
2044 4019 2187 4077 XX.
2273 4018 2571 4079 Verbeces
2631 4039 2879 4077 numero
2932 4015 3076 4077 XX.
3148 4020 3175 4077 Ι

685 4113 871 4190 Isdem
924 4115 1250 4167 Consulibus
1301 4152 1314 4168 .
1351 4155 1366 4169 .
1421 4116 1730 4183 Collegium
1778 4117 2047 4170 Fratrum
2102 4116 2403 4168 Arvalium
2436 4113 2598 4185 secli
2648 4115 2955 4182 similiter,
3024 4114 3185 4191 qnod

688 4225 871 4281 supra
905 4207 1127 4269 factum
1171 4218 1294 4274 est,
1353 4227 1462 4283 per
1507 4208 1761 4266 eundem
1792 4208 2140 4270 Avitianum
2172 4209 2669 4284 Promagistrum.
2727 4209 2750 4265 ΙΙ
2800 4209 2985 4261 Isdem
3029 4211 3187 4263 Con-

685 4300 898 4352 salibus
944 4303 1218 4375 VL‘Kal·
1269 4303 1392 4360 Iun,
1441 4308 1527 4356 in.
1553 4304 1811 4369 Palatio,
1874 4310 1936 4358 in
1984 4303 2275 4360 Divorum
2327 4321 2437 4377 per
2486 4302 2799 4359 Alsenium·
2831 4303 3185 4369 Avitianum

684 4394 1159 4470 Promagistrum
1206 4394 1848 4462 F1·atrum>‘Arvalitun
1900 4399 2094 4475 prima
2146 4396 2171 4454 ll
2221 4399 2344 4449 luoe·
2390 4406 2517 4448 ture
2582 4406 2639 4448 et
2700 4387 2858 4448 vino*
2887 4395 3182 4468 feceruut,

686 4498 745 4544 et
785 4489 988 4564 fruges
1025 4487 1234 4562 ‚aridas
1281 4499 1339 4544 et
1383 4489 1626 4545 virides·
1654 4492 2068 4565 contigerunt,
2139 4501 2200 4548 et
2242 4508 2427 4564 panes
2490 4489 2825 4555 laureatos,
2897 4501 2957 4546 et
2999 4490 3185 4547 Deam

685 4579 860 4636 Diam
927 4582 952 4638 ΙΙ
1019 4592 1551 4651 unguentavemmt,
1620 4591 1681 4635 et
1759 4626 2026 4643 ......
2060 4588 2122 4642 ci
2185 4585 2484 4642 cathedris
2552 4584 2955 4640 consederunt
3009 4601 3185 4658 prae-

683 4676 924 4742 textati,
983 4685 1041 4731 et
1086 4673 1168 4731 ibi
1211 4663 1551 4749 praetextas
1598 4677 2036 4751 deposuerunt:
2102 4679 2125 4737 ΙΙ
2184 4678 2521 4750 Adficsrunt
2564 4676 2837 4749 Affem'us
2878 4681 3187 4731 Avitianus

646 4834 650 4838 .
681 4767 1081 4838 Promugister
1103 4808 1119 4833 ,
1161 4769 1438 4832 ·Catilius
1471 4798 1478 4804 ·
1510 4768 1805 4838 SeveruS,
1884 4771 2154 4832 Statilius
2222 4771 2483 4830 Silianus
2507 4806 2525 4839 ,
2604 4772 2904 4846 Sulpicius
2970 4770 3177 4834 Pollio,

681 4862 923 4928 Flavius
963 4862 1327 4930 Archelaus,
1385 4865 1706 4924 Armenius
1755 4863 1780 4922 ΙΙ
1827 4866 2169 4937 Peregrinus
2213 4907 2226 4922 .
2263 4907 2276 4921 .
2413 4906 2426 4920 .
2459 4877 2563 4932 us,
2621 4864 2861 4921 Flavius
2902 4865 3172 4942 Alpinus.
