3502 5487
1208 482 1753 543 EPIGRAPHICA
1792 481 1933 538 XII.
1974 480 1985 493 “
2712 488 2824 547 557

327 580 469 675 lucri
515 616 703 674 faciat.
779 618 966 690 Longe
1012 615 1179 669 aliam
1217 619 1334 670 eius
1381 619 1653 668 rationem
1702 611 1822 667 fore
1869 627 2229 686 conceperam
2278 617 2487 687 animo.
2564 614 2674 668 Sed
2710 612 2828 668 for..

329 729 475 769 tasse
513 714 598 766 Tu
652 717 763 765 iam
817 716 933 783 ipse
983 708 1206 775 vidisti,
1269 725 1438 781 eaque
1477 726 1577 777 ego
1617 707 1821 760 frustra
1861 706 1993 761 Tibi
2030 722 2215 762 narro,
2291 707 2458 777 vale,
2512 710 2611 762 Vir
2652 707 2829 763 celeb.

330 823 388 864 ce
427 808 567 862 mihi
606 804 787 861 favete
826 821 1009 879 perge.
1086 801 1299 876 Scripsi
1339 798 1482 875 prid.
1522 799 1848 873 Kal.‘8ept.

1486 1240 1652 1301 XII.

774 1391 961 1449 Viro
1012 1388 1524 1448 celeberrimo
1582 1401 1804 1469 atque
1857 1389 2394 1451 eruditissimo

466 1505 943 1590 IOANNJ
1033 1504 1633 1570 CASPARO
1725 1499 2702 1568 HAGENBVCHIO

1398 1624 1465 1681 S.
1546 1626 1616 1683 P.
1698 1624 1775 1681 D.

1213 1744 1318 1803 to.
1383 1745 1544 1791 tac.
1607 1743 1949 1790 uersat.

491 1948 934 2002 Communicavit
970 1966 1146 2022 nuper
1185 1965 1406 2002 mecum
1447 1948 1837 2001 celeberrimus
1877 1948 2128 2021 Kappius
2166 1962 2355 1999 noster
2392 1936 2613 2012 literas,
2670 1958 2705 1998 a
2740 1945 2844 2013 Te,

341 2047 429 2096 vir
468 2040 838 2095 laudatissimi
889 2046 1163 2109 nominis,
1219 2059 1345 2096 ante
1381 2038 1672 2095 biennium'
1724 2039 1836 2095 fere
1883 2039 1953 2093 ad
1991 2042 2077 2094 Cl.
2117 2042 2407 2094 laic-bium
2448 2055 2728 2107 exaratas,
2782 2042 2844 2092 iu

342 2136 540 2207 quibus
578 2136 927 2189 vehementer
965 2135 1223 2190 adversus
1262 2153 1574 2201 auctorem,
1631 2135 1761 2188 Tibi
1816 2150 1945 2188 tuuc
1986 2140 2248 2207 temporis
2288 2138 2634 2206 ignoratum,
2689 2149 2842 2186 nunu

342 2245 530 2284 autem
567 2245 794 2296 notum,
844 2233 1183 2283 recensionis
1223 2230 1600 2303 Epistolarum
1644 2229 2174 2302 Epigraphicarum,
2223 2245 2360 2299 quae
2398 2232 2459 2281 in
2496 2227 2687 2280 libello
2722 2243 2844 2279 ves-

341 2324 565 2390 naculo,
601 2324 1036 2392 ZewerlaessIge
1061 2323 1467 2387 Naclartchcen,
1511 2322 1738 2396 prodiit,
1779 2324 2054 2375 inveheris
2092 2338 2460 2395 magnumque
2501 2324 2606 2394 ipsi
2634 2319 2843 2373 malum

335 2422 596 2472 minaris.
672 2417 805 2489 Legi
844 2435 1059 2489 quoque
1098 2423 1377 2490 specimen
1416 2418 1526 2470 illis
1565 2416 1744 2469 literis
1786 2414 2065 2471 adiectum
2107 2414 2491 2480 refutationis,
2528 2413 2675 2485 quod
2714 2429 2846 2486 pr·-

343 2511 512 2566 lixam
552 2510 709 2564 illam
747 2526 802 2564 et
840 2527 1131 2585 operosam
1167 2527 1222 2565 et
1261 2511 1497 2566 calidam
1550 2508 1669 2563 fore
1720 2508 1926 2583 prodit.
2002 2511 2146 2564 Novi
2185 2526 2402 2582 quoque
2442 2506 2668 2562 tandem
2709 2507 2845 2561 Tibi

344 2623 459 2659 non
507 2604 715 2671 latere,
776 2609 1111 2658 recensionis
1165 2606 1346 2672 illius,
1408 2619 1548 2677 quae
1596 2604 1768 2657 bilem
1816 2603 1953 2658 adeo
1991 2604 2120 2657 Tibi
2169 2608 2368 2671 movit,
2435 2618 2521 2656 me
2564 2610 2881 2657 unctos-emk

346 2716 487 2755 csse.
563 2701 829 2772 Quisquis
884 2696 940 2752 id
994 2697 1060 2752 ad
1101 2700 1215 2767 Te,
1270 2705 1384 2754 sive
1423 2700 1555 2753 hinc
1593 2698 1816 2772 Lipsia,
1876 2702 1988 2752 sive
2029 2714 2058 2749 e
2094 2698 2323 2770 Belgio,
2381 2694 2655 2770 retulefit,
2718 2706 2845 2749 vera

333 2794 557 2848 ¹retulit.
635 2794 900 2846 Caussam
956 2792 1090 2847 hInc
1128 2809 1181 2847 et
1228 2809 1607 2867 argumentum
1664 2793 1732 2845 ad
1782 2794 1902 2858 Te,
1967 2796 2051 2845 vir
2108 2792 2501 2861 celeberrime,
2564 2788 2842 2846 scribendi

267 2903 278 2908 “
346 2891 592 2961 sumpsi,
655 2893 977 2958 veniamque
1027 2902 1058 2938 a
1110 2888 1189 2941 Te
1243 2905 1431 2942 eorum
1483 2885 1745 2960 rogandi,
1811 2902 1951 2959 quae
1998 2886 2137 2939 mihi
2187 2884 2332 2939 forte
2374 2883 2695 2939 exciderunt
2728 2893 2845 2938 nou

347 2980 808 3035 animadvertenti
845 2981 1052 3055 gloriae
1095 2995 1218 3036 tuae
1260 2986 1481 3035 iniuria.
1558 2984 1690 3036 Post
1731 2980 2018 3046 sedatum,
2075 2985 2168 3052 qui
2208 2998 2299 3033 me
2340 2995 2471 3033 tunc
2510 2977 2847 3033 scribentem

329 3075 601 3143 'tenebat,
637 3073 904 3129 fervorem
941 3073 1226 3149 intelligo,
1266 3080 1507 3148 potuisse
1549 3073 1821 3146 quaedam
1852 3073 2226 3139 dissimulari,
2262 3074 2374 3125 'alia
2412 3057 2600 3126 mitius
2639 3073 2850 3141 efferri,

345 3167 586 3243 denique
642 3186 734 3222 me
789 3168 1005 3242 lapsum
1066 3170 1197 3223 hinc
1257 3168 1415 3222 illinc
1457 3166 1643 3242 §fuisse
1703 3172 1962 3233 inscitia,
2024 3183 2119 3221 aut
2170 3172 2652 3241 praecipitatione.
2733 3167 2864 3232 Tot,

347 3278 534 3318 autem
582 3279 678 3330 ea,
743 3277 799 3316 et
849 3276 961 3316 tam
1013 3267 1198 3336 gravia
1249 3278 1305 3317 et
1347 3261 1572 3335 indigna
1616 3277 1766 3330 esse,
1828 3277 1994 3333 atque
2033 3278 2094 3315 tu
2132 3266 2444 3327 existimas,
2507 3265 2598 3313 vix
2638 3273 2848 3332 putem.

349 3356 418 3411 ln
453 3374 520 3411 eo
559 3372 711 3410 certo
750 3360 953 3411 certius
992 3354 1230 3424 falleris,
1268 3371 1323 3410 et
1366 3371 1484 3410 toto
1524 3355 1681 3410 caelo
1720 3373 1751 3408 a
1791 3372 1920 3410 vero
1962 3354 2121 3421 abes,
2166 3359 2215 3408 si
2253 3368 2414 3427 putas
2454 3354 2659 3430 (audio
2696 3359 2850 3408 enim

333 3461 408 3504 ‘te
446 3447 676 3523 putare)
718 3467 808 3502 me
848 3449 916 3502 ab
958 3448 1222 3504 Helvetiis
1263 3450 1366 3504 tibi
1406 3448 1545 3503 male
1586 3449 1938 3524 cupientibus
1979 3449 2341 3502 subornatum
2377 3465 2517 3502 esse.
2582 3449 2851 3502 Iniuriam

351 3558 408 3597 et
456 3543 594 3595 mihi
642 3540 808 3608 facit,
874 3558 928 3596 et
984 3548 1092 3596 tuis
1144 3542 1357 3597 civibus
1412 3560 1522 3598 tam
1575 3549 1765 3615 iniqua
1806 3548 2073 3616 suspicio.
2152 3543 2362 3615 Nempe
2402 3560 2515 3595 non
2553 3546 2703 3596 nosti
2740 3559 2854 3609 me,

351 3641 444 3691 cui
483 3654 658 3708 neque
696 3635 904 3689 venalis
942 3636 1219 3703 calamus,
1275 3657 1451 3708 neque
1491 3643 1704 3690 animus
1753 3635 2016 3691 factiosus
2058 3652 2160 3691 est.
2239 3636 2431 3690 Amori
2470 3636 2699 3702 odiove,
2736 3643 2855 3708 'pa-

349 3749 475 3784 rum
510 3735 677 3797 meis,
732 3726 923 3783 inditis
963 3734 1192 3782 omnino
1227 3730 1370 3784 nibil
1412 3730 1613 3784 tribuo.
1693 3730 1884 3784 Laudo
1925 3729 2010 3783 vel
2060 3735 2118 3784 in
2159 3735 2294 3803 ipsis
2336 3734 2612 3797 inimicis,
2668 3733 2716 3782 si
2756 3733 2852 3801 qui

351 3825 494 3877 mihi
532 3838 693 3889 sunt,
751 3821 849 3875 sed
886 3838 1012 3876 sunt
1052 3821 1258 3894 oppido
1295 3829 1490 3896 pauci,
1554 3840 1607 3877 et
1652 3823 1996 3898 reprehendo
2048 3828 2105 3877 in
2144 3828 2371 3891 amicis,
2429 3841 2591 3896 quos,
2652 3821 2855 3877 {actio-

350 3934 485 3970 num
522 3933 679 3983 osor,
738 3933 852 3969 non
890 3932 1019 3969 sane
1059 3915 1262 3968 multos
1304 3917 1513 3981 habeo,
1570 3934 1707 3989 quae
1762 3922 1960 3971 mereri
2008 3916 2194 3971 laudes
2235 3932 2328 3971 aut
2366 3918 2853 3991 reprehensionem

353 4009 641 4074 videntur,
709 4013 1028 4082 praesertim
1082 4012 1137 4060 in
1197 4009 1419 4081 publico
1465 4009 1608 4062 loco.
1689 4011 1968 4081 Intelligcs
2008 4012 2167 4064 huius
2209 4015 2319 4064 mei
2360 4017 2533 4064 moris
2576 4016 2852 4064 rationem

281 4127 288 4142 ·
353 4122 420 4156 ex
472 4108 572 4168 iis,
636 4119 774 4176 quae
825 4121 999 4176 nuper
1048 4100 1115 4155 ad
1158 4108 1465 4175 arrogantis
1507 4104 1634 4157 Itali
1673 4104 1932 4159 Carmelii
1985 4121 2157 4176 nugas
2197 4109 2257 4157 in
2296 4109 2451 4160 Actis
2489 4103 2851 4159 Eruditorum

350 4196 633 4271 respondi.
711 4194 995 4268 Quidquid
1047 4200 1103 4248 in
1158 4196 1698 4250 commendationem
1755 4214 1937 4264 tuam,
2002 4215 2096 4252 aut
2145 4215 2335 4265 secus,
2398 4197 2622 4266 dixero,
2682 4198 2854 4266 domi,
2902 4213 2907 4220 ‘

351 4288 546 4357 crede,
582 4305 777 4343 natum
818 4287 956 4356 fuit,
996 4305 1111 4342 non
1149 4288 1369 4343 aliunde
1409 4290 1723 4354 subditum;
1773 4296 2019 4345 veritatis
2059 4308 2248 4359 amor,
2284 4310 2401 4346 nou
2440 4293 2615 4346 animi
2655 4298 2852 4348 vitium

353 4383 607 4456 aliquod,
665 4398 696 4435 a
734 4400 825 4436 me
863 4387 1043 4454 exegit
1085 4399 1138 4436 et
1177 4388 1510 4456 impetravit.
1586 4385 1925 4466 parturienti
1982 4373 2193 4454 ⁴(reddo
2231 4386 2364 4440 Tibi
2404 4403 2596 4441 vocem
2633 4388 2852 4455 Tuam)

353 4493 521 4530 nemo
560 4477 700 4532 mihi
739 4474 1274 4529 adstitirnelvettus
1316 4478 1555 4539 saxove:
1618 4477 1686 4532 de
1724 4479 1965 4532 consilio
2005 4497 2161 4545 meo,
2216 4496 2514 4554 antequam
2562 4497 2852 4536 exsecutus

353 4569 612 4636 fuissem,
666 4587 829 4622 nemo
868 4575 1020 4622 vivus
1061 4584 1378 4624 mortuusve
1416 4577 1591 4626 novit.
1669 4571 1733 4627 Id
1774 4589 1963 4627 sancte
2012 4574 2114 4628 tibi
2154 4571 2400 4642 affirmo,
2457 4591 2659 4648 eaque,
2711 4591 2852 4647 quae

352 4669 532 4719 virum
570 4664 862 4717 honestum
908 4662 1102 4731 decet,
1140 4661 1265 4719 fide.
1335 4663 1746 4719 Resutationem
1786 4666 1946 4724 edere
1984 4673 2031 4721 si
2074 4673 2361 4736 institues,
2398 4667 2643 4741 (moliris
2681 4675 2852 4733 enim,

355 4775 434 4828 ιιιμ
465 4757 612 4813 {ama
670 4754 815 4830 fert)
878 4775 994 4811 non
1049 4755 1365 4825 intercedo,
1427 4777 1542 4813 non
1597 4758 1885 4833 deprecor.
1962 4762 2154 4829 Liceat
2212 4761 2315 4817 tibi
2371 4781 2461 4816 me
2519 4766 2853 4815 nominatim

355 4850 597 4931 aggredi.
678 4849 786 4908 sed
821 4848 884 4907 id
919 4850 1082 4906 velim
1123 4850 1228 4907 tibi
1266 4850 1484 4910 dictum
1535 4852 1737 4911 habeas
1788 4861 2208 4933 monitumque,
2267 4858 2681 4933 quibuscunque
2735 4871 2852 4911 tan·
