3502 5487
549 395 602 461 e
1172 476 1188 497 .
1373 385 2170 456 ΡΒΑΕΕΑΤῙα
2271 396 2275 411 ’

563 562 916 647 decipimur
945 558 1372 643 interpolatis,
1420 558 1915 633 commenticiis,
1961 557 2323 640 corruptis,
2364 556 2638 633 mutilis3
2685 580 2873 643 quam
2911 559 3054 647 plu-

562 677 755 740 rimas
795 677 1066 759 denique
1103 695 1222 756 per
1257 671 1487 735 itinera
1524 650 2090 756 peregrinantium,
2134 693 2209 734 ac
2236 693 2357 754 per
2393 672 2648 736 libellos
2683 664 3056 755 praesertim

563 788 860 863 Italicos,
924 808 1199 870 quorum
1247 806 1402 848 raro
1445 784 1520 846 fit
1563 784 1750 866 copia
1796 785 2037 848 homini
2076 787 2441 861 Germano,
2490 787 2755 851 subinde
2801 809 3059 870 sparsas

561 922 832 985 prorsus
867 900 1239 986 ignoremus
1279 919 1537 960 necesse
1577 909 1697 961 est.
1789 898 1914 960 Sed
1943 919 2055 962 eos
2088 898 2508 982 potissimum,
2558 900 2668 983 qui
2708 922 2741 961 a
2772 882 3058 983 copiosis

539 1011 973 1077 ”bibliothecis
1009 1011 1265 1097 longius
1306 1010 1543 1074 remoti
1582 1032 1702 1093 per
1734 1011 2079 1090 Gymnasia
2121 1012 2631 1076 adolescentibus
2661 1011 3061 1076 instituendis

536 1118 827 1207 'operam
875 1127 1060 1199 dant,
1122 1122 1478 1209 aegerrime
1516 1111 1778 1198 carere,
1831 1145 1910 1186 ne
1965 1125 2252 1189 Grutero
2301 1124 2539 1201 dicam,
2596 1125 3053 1190 Fleetwoodio

567 1240 751 1302 etiam
776 1282 793 1314 ,
858 1249 920 1299 et
970 1238 1315 1301 Polcastro
1339 1279 1358 1311 ‚
1427 1247 1526 1312 et,
1588 1237 1700 1319 qui
1736 1236 1901 1300 inter
1939 1226 2462 1319 conipendiorum
2500 1237 3061 1323 epigraphicorum

565 1350 915 1432 scriptores
961 1348 1329 1439 primarium
1372 1348 1617 1415 obtinet
1652 1349 1902 1427 locum,
1958 1349 2347 1424 Morcellio,
2395 1372 2854 1433 saepenumero
2900 1348 3057 1425 vidi,

566 1485 643 1525 ac
697 1464 1107 1526 vehementer
1151 1460 1353 1524 dolui.
1444 1462 1738 1542 Quorum
1782 1462 2033 1545 quidem
2085 1463 2436 1526 commodis
2482 1486 2674 1547 quum
2711 1475 2878 1526 esset
2907 1465 3075 1526 sub--⁴

564 1575 942 1644 veniendum
964 1619 982 1652 ,
1022 1573 1096 1636 iis
1127 1595 1391 1657 quoque
1417 1584 1486 1636 ut
1514 1573 2001 1669 prospiceretur
2035 1587 2524 1652 consentaneum
2571 1588 2741 1653 erat,
2790 1575 3047 1661 quibus,

566 1690 911 1752 dummodo
943 1698 1308 1770 suppeteret
1336 1698 1620 1768 tempus,
1669 1677 1961 1771 largiora
1993 1687 2270 1750 subsidia
2299 1691 2615 1773 denegata
2650 1711 2780 1752 non
2819 1699 3058 1751 essent.

568 1800 740 1881 Quin
795 1800 985 1867 etiam
1045 1798 1181 1881 ipsa
1235 1797 1565 1880 disciplina
1612 1810 1738 1861 tam
1781 1800 2075 1884 neglecta
2118 1800 2328 1864 iuvari
2372 1801 2766 1885 aliquatenus
2809 1812 3063 1883 poterat

563 1932 737 1976 nova
779 1910 916 1975 eius
958 1911 1235 1994 epitome
1294 1913 1461 1977 haud
1516 1934 1790 1994 prorsus
1841 1911 2063 1976 inscite
2116 1915 2456 1988 adornata,
2516 1936 2678 1996 quae
2734 1912 3058 1997 philologi

571 2024 935 2089 Germanici
964 2025 1269 2089 honestae
1299 2025 1615 2089 sufficeret
1636 2025 2016 2090 curiositati.
2076 2027 2267 2088 Hunc
2300 2025 2461 2089 enim
2500 2047 2624 2088 non
2667 2037 2788 2087 tam
2820 2025 3057 2100 stilum,

567 2159 753 2222 quem
791 2136 1028 2212 dicunt,
1077 2136 1589 2221 inscriptionum,
1638 2141 1743 2218 (de
1780 2160 1910 2225 quo
1949 2140 2277 2220 praeclare
2312 2138 2613 2219 exposuit
2648 2137 3059 2219 Morcellius)

568 2271 755 2334 quam
824 2262 1262 2336 argumentum
1321 2249 1529 2332 ipsum
1583 2250 1833 2314 varium
1894 2262 1962 2314 et
2019 2249 2354 2332 multiplex
2407 2263 2705 2335 spectare
2752 2270 2874 2331 par
2925 2261 3059 2324 est;

563 2366 716 2438 sed,
770 2375 841 2426 ut
880 2364 1115 2427 haheat
1158 2361 1506 2429 doctissimi
1547 2364 1696 2427 Itali
1740 2364 2014 2439 librum,
2061 2363 2374 2427 rariorem
2419 2365 2596 2444 apud
2625 2384 2742 2428 nos
2780 2375 2845 2426 et
2882 2363 3064 2426 nimis

565 2497 821 2554 carum,
891 2498 974 2541 ex
1022 2497 1101 2539 eo
1141 2475 1556 2559 paucissimos
1594 2479 1923 2539 dumtaxat
1953 2476 2215 2553 titulos,
2276 2472 2564 2559 quamvis
2610 2476 2877 2558 copiose
2919 2475 3065 2539 illu·

565 2599 840 2665 stratos,
895 2601 1275 2670 pernoscet;
1321 2609 1530 2674 neque
1579 2589 1768 2654 facile
1812 2592 1932 2654 hos
1977 2609 2218 2671 paucos
2261 2610 2442 2652 suum
2484 2588 2551 2650 iu
2596 2611 2777 2652 usum
2820 2588 3064 2670 poterit

565 2713 979 2767 convertere.
1073 2702 1398 2784 Quocirca
1438 2701 1595 2768 nihil
1632 2723 1826 2789 quum
1862 2702 2174 2779 viderem,
2221 2703 2398 2785 quo'd
2425 2722 2685 2786 magnas
2722 2700 2891 2764 inter
2925 2700 3065 2764 col-

563 2813 873 2882 lectiones
920 2827 1107 2899 atque
1136 2816 1447 2897 epitomas
1491 2814 1851 2897 praedictas
1895 2815 2130 2882 iustum
2168 2814 2430 2899 aliquod
2475 2794 2743 2876 medium
2785 2824 3056 2888 teneret,

566 2925 674 2990 diu
719 2928 1056 2993 admodum
1101 2938 1233 3005 est,
1296 2947 1379 2991 ex
1421 2948 1554 3012 quo
1600 2927 1665 2994 in
1710 2927 1982 2993 animum
2028 2927 2286 3003 induxi,
2355 2926 2615 2989 simulac
2658 2921 2809 3008 post
2850 2925 3060 2988 varias

561 3038 866 3106 fortunae
915 3038 1424 3119 vicissitudines,
1473 3041 1669 3108 miras
1713 3041 1889 3117 illas,
1938 3063 2147 3125 neque
2190 3050 2398 3103 tamen
2433 3037 2752 3124 ingratas,
2821 3037 3063 3121 patriae

567 3153 819 3215 tandem
858 3172 1064 3216 essem
1102 3153 1629 3229 restitutunhoc
1658 3152 1720 3218 in
1753 3173 1990 3237 genere
2020 3152 2361 3240 aliquando
2400 3150 2763 3215 elaborare.
2809 3151 3064 3214 Etenim
3144 3135 3152 3142 ’

563 3266 855 3340 Romae,
917 3265 1251 3343 Lutetiae,
1309 3266 1696 3352 Gottingae,
1744 3266 2071 3343 Berolini3
2121 3265 2553 3330 Vindobonae
2596 3264 2800 3328 maior
2844 3264 3064 3349 utiquc

565 3376 885 3441 librorum
920 3377 1295 3455 multitudo,
1344 3380 1651 3444 Nemausi
1687 3390 1908 3454 antea,
1956 3399 2159 3454 nunc,
2206 3388 2277 3439 ut
2314 3376 2526 3453 audio,
2574 3376 2897 3453 Lutetiae,
2948 3379 3062 3440 ab·

564 3488 987 3553 solutissimus
1028 3490 1216 3558 etiam
1252 3487 1359 3556 ille
1403 3489 1597 3561 index
1642 3490 2133 3577 Seguierianus‚
2202 3512 2284 3557 ne
2326 3511 2491 3552 nunc
2528 3490 2781 3574 quidem
2841 3499 3062 3553 conte-

569 3604 899 3679 mnendus,
946 3613 1208 3685 praesto
1259 3601 1516 3682 fuisset,
1567 3604 1794 3668 Turiei
1840 3625 2039 3680 vero,
2087 3603 2373 3688 quamvis
2405 3603 2840 3684 compluribus
2884 3599 3064 3662 libris

568 3714 718 3777 alibi
758 3713 1007 3784 facilius
1046 3717 1434 3780 inveniendis
1471 3717 1829 3791 destitutus,
1879 3716 1948 3779 id
1984 3728 2192 3780 tamen
2228 3715 2649 3798 reperiebam,
2700 3715 2872 3799 quod
2917 3735 3067 3776 nus-

569 3849 754 3911 quam
794 3827 914 3896 nisi
950 3828 1015 3894 in
1062 3829 1381 3896 carissima
1425 3830 1631 3912 patria
1678 3829 1741 3896 in
1784 3841 2087 3912 promptu
2126 3840 2296 3903 erat3
2366 3827 2868 3909 copiosissimum
2917 3825 3067 3892 dico

568 3951 936 4021 apparatum
968 3934 1451 4028 epigraphicum
1481 3941 1586 4008 10.
1621 3939 1826 4006 CAsr.
1859 3944 2368 4016 Hmmmvcnu,
2403 3938 2526 4003 viri
2557 3939 2620 4001 in
2647 3940 2775 4001 hoc
2805 3960 3066 4025 genere,

569 4051 680 4116 ubi
718 4051 1144 4144 diligentiam,
1194 4053 1643 4130 assiduitatem,
1692 4054 2161 4137 pet-spicasque
2196 4053 2516 4139 ingenium
2553 4063 2832 4134 spectes,
2879 4049 3068 4117 facile

568 4164 914 4249 principis3
961 4187 1091 4249 quo
1125 4166 1378 4250 quidem
1415 4178 1722 4249 apparatu
1749 4166 1919 4231 illius
1962 4179 2111 4250 post
2156 4170 2399 4231 obitum
2438 4186 2622 4229 nemo
2659 4167 2869 4229 adhuc
2904 4174 3071 4227 esset

570 4297 757 4353 usus,
824 4300 1148 4363 perpauca
1191 4279 1299 4344 illa
1348 4278 1405 4341 si
1450 4280 1767 4361 excipias,
1823 4302 1984 4364 qnae
2036 4282 2428 4345 concedente
2468 4277 2918 4364 Hagenbucbii
2956 4297 3071 4361 ge-

574 4411 731 4457 nero
780 4403 970 4476 atque
1013 4392 1250 4456 herede
1297 4391 1810 4471 Steinbrychelio
1848 4394 1915 4460 in
1951 4394 2190 4456 Museo
2237 4391 2576 4455 Turicensi
2617 4412 2760 4454 cum
2805 4388 3069 4453 eruditis

573 4504 1059 4570 communicavit
1121 4504 1591 4589 Hottingerus‚
1684 4507 2068 4569 venerabilis
2124 4507 2445 4588 quondam
2503 4525 2679 4568 meus
2741 4501 3069 4586 magister.

576 4618 803 4700 Ergo,
850 4615 1229 4701 simulatque
1273 4618 1422 4681 huic
1468 4618 1735 4703 negotio
1795 4618 1970 4682 licuit
2013 4639 2279 4694 vacare,
2344 4617 2791 4700 amplissimum
2849 4614 3073 4677 iuscri-

573 4729 864 4813 ptionum
894 4729 1268 4794 Latinarum
1299 4733 1609 4793 delectum
1638 4730 1967 4795 instituere
2007 4732 2287 4808 decrevi,
2323 4730 2383 4793 in
2418 4752 2547 4814 quo
2580 4729 2859 4814 quidem,
2895 4726 3069 4805 stilo,
