3502 5487
1229 390 1245 421 ⁴
2776 416 2860 483 55

510 560 729 607 noema
758 557 1014 617 (tonum)
1049 573 1096 605 v.
1134 561 1326 607 vives
1362 559 1489 607 Laa.
2885 544 2889 553 ‘

511 648 885 695 noem-:usas
920 650 1282 705 inscriptiones.
1321 664 1369 696 v.
1401 651 1531 694 Mur.
1576 645 1737 705 1817,
1781 647 1873 705 11,
1914 645 1964 696 7.

512 738 785 784 LOLLivs
824 737 1096 795 (Albanus)
1129 718 1397 784 v.‘Murat.
1440 734 1535 793 44,
1576 734 1625 783 8.
1669 734 1802 784 1804
1816 770 1831 794 ‚
1875 735 1922 784 1.
2817 762 2824 771 ·

510 826 707 870 chlv
712 827 744 870 S
780 825 1035 882 (Ioannes)
1065 826 1118 871 In
1152 825 1410 885 Inscripti.
1443 824 1750 872 Dalmaticis
1782 827 1999 872 Venetiis
2042 822 2190 874 1673.
2233 824 2283 874 8.
2317 827 2521 884 (reeusis
2553 829 2600 874 in
2636 825 2866 875 Erant-da·

365 912 567 959 Reiucli
606 916 757 959 altem
787 913 892 957 und
929 928 1117 958 nectem⁴
1137 914 1283 959 Stant
1318 914 1408 960 des
1443 910 1786 976 Kiinigreicha
1817 914 2126 961 Dalmatica.
2200 915 2474 978 Niirnberg
2513 913 2663 963 1718.
2704 918 2766 963 Τ.
2808 916 2860 964 2.

366 1017 420 1059 Ρ.
455 1000 599 1058 496.)
631 1016 773 1057 saepe
806 1016 941 1047 suam
972 1003 1111 1048 nobis
1137 1004 1370 1051 incuriam
1400 1004 1659 1059 prodidit.”
1727 1005 1858 1049 Mur.
1902 982 1994 1051 691
2017 1037 2029 1060 ,
2068 1002 2115 1050 7.
2159 1002 2285 1060 709,
2321 1003 2371 1050 8.
2418 1003 2548 1061 824,
2591 1004 2639 1050 1.
2676 1002 2769 1061 58,
2812 1005 2860 1051 1.

372 1090 538 1146 1811,
592 1088 641 1135 4.
682 1091 860 1146 (spur.)
899 1115 965 1125 —
1002 1092 1132 1136 Idem
1181 1105 1381 1148 prorsus
1429 1092 1678 1137 observavi
1731 1092 1779 1137 in
1819 1092 2101 1151 Appendice
2146 1092 2392 1139 librorum
2434 1095 2645 1140 eiusdem
2687 1094 2863 1140 chu

368 1179 433 1223 de
481 1191 644 1239 regno
688 1177 980 1241 Dalmatiae
1021 1185 1068 1223 et
1108 1176 1342 1224 Croatiae
1379 1194 1423 1225 v.
1460 1178 1596 1225 Rem
1635 1179 1841 1239 scripu.
1887 1196 1991 1226 rer.
2029 1180 2315 1243 Hungan'c.
2354 1183 2418 1227 T.
2459 1179 2509 1228 3.
2546 1197 2594 1239 Ρ.
2636 1179 2755 1227 471.
2796 1206 2865 1217 -

365 1268 624 1312 chlvu
659 1281 802 1323 saepe
830 1268 1042 1312 nominat
1078 1265 1330 1312 Zacharia
1360 1250 1408 1314 in
1431 1267 1619 1313 Mat-m.
1661 1268 1875 1315 Salona.
1896 1302 1910 1325 ,
1947 1271 2013 1314 ita
2048 1276 2236 1326 tamen,
2276 1277 2327 1316 ut
2361 1271 2468 1315 aliis
2503 1273 2660 1327 potius
2697 1272 2861 1326 nisus,

344 1358 473 1413 ,ipse
510 1355 686 1400 chu
723 1356 938 1401 libellum
978 1357 1212 1402 evolvisse
1262 1371 1356 1401 non
1392 1358 1625 1402 videatur.
1665 1358 1756 1403 cfr.
1792 1358 1921 1415 Spon
1953 1356 2108 1403 Mine.
2147 1373 2195 1417 Ρ.
2234 1356 2351 1404 181.
2387 1365 2436 1405 et
2461 1357 2651 1404 Mat-m.
2688 1358 2862 1404 Salon.

369 1458 424 1501 Ρ.
462 1444 634 1490 XXV.

510 1533 867 1578 LVPIENSES
908 1532 1270 1595 Inscriptionfs
1312 1535 1415 1588 plus
1457 1548 1597 1592 quam
1642 1540 1891 1591 suspectae
1936 1533 2046 1581 fidei
2093 1548 2201 1581 esse
2246 1542 2378 1582 recte
2427 1537 2637 1590 monuit,
2701 1547 2868 1580 earum

367 1622 557 1679 aliquot
588 1636 614 1666 e
650 1620 818 1669 Dom‘o
848 1637 907 1679 p.
940 1614 1057 1666 187.
1090 1621 1151 1667 N.
1193 1618 1306 1667 101.
1346 1619 1462 1669 102.
1498 1625 1613 1668 dans
1635 1621 1956 1668 Marmoreas
1992 1620 2152 1679 1055,
2188 1621 2236 1668 4.
2265 1620 2316 1670 5.
2344 1608 2434 1669 efr-
2470 1618 2669 1670 eundem
2701 1619 2864 1677 1113,

370 1710 425 1755 5.
482 1706 648 1765 1120,
692 1708 738 1754 1.
796 1707 957 1764 1805,
997 1708 1047 1754 2.
1121 1710 1330 1756 LVPns
1380 1709 1576 1767 (Lecce)
1628 1713 1805 1771 igitur,
1858 1712 2111 1757 Calabriae
2146 1714 2364 1769 oppido,
2415 1715 2650 1770 impostor
2691 1711 2867 1770 aliquis

367 1797 594 1842 habitans
631 1799 791 1853 plures
828 1799 1059 1843 eiusmodi
1093 1798 1336 1844 confinxit.

517 1885 797 1931 mccws
836 1886 1205 1943 (Sebastianus)
1240 1901 1287 1932 v.
1320 1886 1519 1934 Reines.
1552 1889 1718 1934 Praei.
1751 1902 1801 1945 p.
1845 1885 1894 1933 3.
1933 1885 2212 1934 Burmann.
2244 1885 2415 1950 Praes.
2450 1888 2521 1935 od
2553 1885 2699 1935 (ἔνια.
2731 1902 2782 1945 Ρ.
2813 1885 2863 1933 4.

367 1971 563 2019 Heeeel
598 1970 770 2033 Pr'acs.
812 1974 882 2019 ad
916 1951 1048 2020 Gud.
1088 1990 1135 2033 p.
1178 1973 1259 2021 36.
1303 1982 1350 2021 et
1388 1973 1469 2022 61.
1510 1978 1613 2021 lud.
1654 1977 1779 2022 Gud.
1821 1973 1904 2022 23.
1944 1992 1992 2034 Ρ.
2032 1978 2317 2023 Lxxxlv.
2390 1979 2569 2022 Murat-
2609 1975 2771 2032 1811,
2815 1975 2863 2021 1.

366 2062 546 2118 „Hanc
580 2077 609 2106 a
648 2062 760 2108 seb.
798 2063 1047 2108 MACCIO
1096 2063 1345 2110 confictam
1393 2067 1713 2111 sincerissime
1757 2065 1932 2110 fatetur
1973 2066 2048 2110 Cl.
2096 2068 2158 2110 V.
2200 2064 2458 2111 Hannibal
2493 2064 2556 2111 de
2595 2064 2867 2111 abbatibus

369 2148 661 2205 oliverius,
701 2157 753 2196 ut
786 2151 844 2196 1..
880 2153 1073 2197 Accium
1104 2153 1393 2212 Tragicum,
1433 2154 1772 2199 Pisaurensem
1807 2154 1957 2198 civem
1998 2154 2145 2200 fuisse
2179 2156 2497 2200 venditaret-’²

513 2240 838 2285 mrrsslvs
874 2239 1084 2298 (Scipio)
1122 2241 1400 2305 Utilissima·
1427 2256 1540 2288 sane
1575 2248 1649 2288 est
1683 2245 1741 2287 ad
1778 2243 2018 2302 ingenium
2053 2245 2314 2288 acuendum
2335 2276 2348 2298 ‚
2389 2244 2652 2301 multasque
2694 2243 2866 2287 obscu-

368 2329 531 2373 riores
568 2342 711 2384 saepe
739 2329 931 2373 fraudes
963 2331 1248 2388 detegendas
1285 2332 1386 2376 eius
1430 2330 1529 2376 Are
1562 2331 1742 2375 critica
1781 2328 2057 2388 lapidaria.
2132 2333 2224 2376 Sed
2267 2345 2295 2375 a
2335 2331 2639 2397 tumultuaria
2680 2331 2783 2374 eius
2820 2334 2870 2375 et

371 2417 611 2474 iniquiore
660 2431 864 2462 censura
896 2419 1158 2473 permultos
1196 2420 1380 2482 lapides
1410 2420 1506 2463 iam
1539 2420 1834 2464 vindicarunt
1863 2416 2116 2463 Zacharia
2136 2451 2150 2474 ,
2189 2418 2271 2463 del
2308 2419 2556 2480 Sigrion,
2605 2415 2866 2463 Mar-inias

371 2511 424 2551 et
458 2504 842 2565 Vermigliolius
864 2537 878 2560 ,
917 2507 1133 2565 idemque
1163 2520 1252 2550 nos
1281 2507 1553 2564 frequenter
1591 2521 1675 2563 per
1700 2512 1862 2552 ,totum
1897 2483 2019 2551 bunc
2056 2507 2230 2552 librum
2266 2506 2495 2561 fecimus,
2541 2508 2630 2552 etsi
2667 2520 2863 2560 omnes,

371 2592 742 2659 quorumwfides
786 2593 845 2638 ab
889 2609 949 2638 eo
988 2594 1358 2650 praecipitanter
1406 2594 1677 2653 impugnata
1720 2600 1820 2649 est,
1871 2596 1980 2639 data
2028 2604 2173 2651 opera
2218 2595 2471 2640 defendere
2519 2594 2674 2640 nostri
2720 2594 2868 2639 officii

370 2684 569 2729 minime
600 2683 836 2727 duximus.
924 2681 1045 2726 Nam
1076 2688 1125 2727 ut
1159 2684 1203 2726 in
1248 2687 1415 2740 quarta
1450 2683 1643 2729 circiter
1685 2689 1820 2738 parte
1863 2696 2060 2737 eorum,
2099 2697 2220 2740 qnos
2254 2683 2301 2726 in
2332 2683 2650 2738 suspicionem
2693 2687 2863 2737 vocat,

370 2786 540 2817 verum
576 2767 787 2817 fortasse
826 2773 1035 2827 viderit,
1083 2774 1226 2831 louge
1264 2778 1418 2817 tamen
1453 2773 1645 2828 plurimi
1681 2778 1874 2817 manent
1908 2774 2205 2827 inconcussi,
2239 2778 2291 2817 ut
2321 2772 2661 2829 viderunt-iam
2692 2772 2869 2828 imper-

368 2861 483 2907 fecti
527 2860 692 2916 operis
707 2861 878 2904 0editor
913 2858 1027 2904 Sel».
1059 2858 1290 2906 Donatus
1332 2865 1380 2905 et
1410 2857 1642 2906 Klotzius
1677 2861 1723 2905 in
1768 2860 1908 2906 Actis
1935 2861 2154 2905 litterar.
2193 2862 2306 2906 Vol.
2345 2857 2392 2905 4.
2432 2874 2481 2917 Ρ.
2523 2855 2641 2905 405.
2673 2860 2868 2919 egregie

371 2965 430 2996 ea
472 2952 531 2994 de
569 2963 625 2993 re
662 2950 924 3004 disputans.
998 2949 1251 3005 „Modum,
1296 2950 1475 3008 inquit,
1516 2963 1705 2995 omnem
1744 2950 2038 3004 excessisse,
2078 2964 2165 2993 nec
2208 2953 2282 2993 sat
2322 2948 2603 2994 observasse
2640 2949 2870 3006 quaedam

369 3040 590 3092 videtur,
632 3051 752 3096 quae
783 3038 1088 3095 antiquorum
1118 3021 1520 3082 monimentorum
1553 3038 1802 3094 interpreti
1834 3038 2130 3082 observanda
2167 3051 2272 3083 esse
2313 3049 2579 3082 censemus.
2651 3038 2871 3082 Primum

304 3163 317 3178 .
369 3127 531 3181 enim,
596 3127 704 3183 quis
738 3139 912 3185 negare
950 3128 1122 3170 audeat
1161 3126 1310 3170 fuisse
1355 3126 1497 3170 etiam
1541 3126 1721 3171 Romae
1763 3127 1969 3181 multos,
2035 3127 2113 3184 qui
2158 3127 2507 3170 affectationem
2558 3126 2781 3184 frigidam
2823 3128 2873 3169 et

370 3215 610 3271 puerilem
645 3228 908 3273 generosae
945 3219 993 3258 et
1022 3215 1225 3270 simplici
1263 3215 1468 3259 orationi
1499 3215 1829 3270 praeferrent,
1870 3213 2167 3280 affectatique
2205 3215 2344 3259 huius
2381 3214 2550 3258 nitoris
2590 3215 2871 3257 documenta

372 3303 612 3359 lapidibus
648 3301 1006 3358 insculperent'?
1044 3327 1109 3336 —
1158 3303 1306 3348 Estne
1347 3316 1463 3347 vero
1502 3302 1760 3358 credibile,
1811 3303 2073 3357 eiusmodi,
2124 3316 2326 3360 quorum
2362 3308 2640 3357 corruptum
2673 3306 2779 3345 erat
2811 3302 2870 3346 de

375 3392 648 3449 eloquentia
683 3392 940 3444 iudicium,
979 3392 1196 3444 homines
1227 3393 1273 3437 in
1310 3392 1615 3436 monimentis
1646 3392 1738 3435 alia
1778 3391 1994 3437 oratione
2027 3405 2140 3435 usos
2168 3391 2347 3446 fuisse,
2390 3404 2529 3449 quam
2553 3392 2600 3435 in
2627 3403 2868 3443 sermone,

377 3482 427 3524 in
461 3480 654 3536 scriptis
689 3477 1000 3540 adamarent?
1049 3480 1205 3537 Quare
1242 3494 1336 3524 non
1373 3494 1539 3525 omnes
1576 3480 1770 3535 titulos,
1810 3481 1923 3525 licet
1959 3481 2141 3525 alienos
2177 3479 2236 3523 ab
2273 3482 2464 3537 antiqua
2493 3479 2799 3534 simplicitate·
2824 3480 2874 3524 et

375 3574 508 3613 recto
534 3567 769 3613 orationis
803 3569 967 3627 generi
1002 3569 1261 3623 adversos,
1300 3569 1407 3613 ideo
1444 3568 1732 3614 reiiciendos
1769 3574 1900 3624 puto.
1973 3569 2152 3614 Deinde
2188 3574 2374 3614 constat
2407 3569 2566 3613 multis
2609 3566 2867 3620 exemplis,

376 3672 495 3715 quae
532 3657 593 3700 ab
631 3657 908 3702 auctoribus
952 3658 1199 3702 titulorum
1234 3663 1364 3702 recte
1401 3661 1449 3701 et
1487 3657 1607 3701 bene
1649 3658 1774 3701 dicta
1806 3658 2076 3715 scriptaque
2114 3664 2302 3711 essent,
2365 3658 2617 3712 depravata
2651 3654 2799 3697 fuisse
2841 3666 2871 3697 a

377 3746 626 3802 lapicidis,
697 3747 796 3791 sive
839 3746 901 3789 ob
943 3746 1258 3802 imperitiam,
1323 3745 1423 3790 sive
1465 3746 1527 3789 ob
1577 3746 1772 3790 nimiam
1817 3746 2197 3800 festinationem,
2261 3746 2362 3790 sive
2410 3746 2528 3805 alias
2576 3742 2638 3798 ob
2680 3754 2867 3786 causas.

374 3834 589 3892 Denique
639 3840 756 3892 quot
796 3835 986 3892 antiqua
1034 3836 1323 3879 monimenta
1370 3848 1464 3878 non
1513 3839 1730 3878 accurate
1786 3835 1901 3879 satis
1951 3836 2189 3890 descripta
2240 3840 2353 3878 sunt
2397 3848 2425 3877 a
2476 3833 2593 3877 viris
2644 3829 2869 3875 cruditis!

380 3923 603 3979 Quotidie
645 3924 891 3977 videmus,
949 3923 1009 3966 ab
1058 3923 1147 3977 iis,
1212 3924 1289 3980 qui
1339 3924 1468 3979 ipsos
1512 3923 1690 3978 lapides
1736 3923 1993 3977 inspiciunt
2039 3927 2087 3984 e}
2133 3923 2431 3974 examinant,
2487 3920 2728 3966 emendari
2776 3932 2871 3964 non

377 4024 552 4066 paucos
590 4025 818 4065 errores,
858 4011 936 4070 qui
980 3991 1116 4056 antea
1159 4012 1320 4057 titulos
1357 4025 1525 4056 eorum
1557 4012 1728 4066 culpa,
1768 4011 1846 4068 qui
1884 4012 1994 4056 illos
2030 4012 2303 4064 ediderunt,
2343 4009 2641 4054 obsidebant.
2738 4009 2871 4066 Quae

376 4114 519 4159 quum
554 4101 623 4145 ita
651 4082 777 4154 sint,
816 4101 865 4145 in
900 4100 1173 4145 reiiciendis
1211 4101 1417 4158 antiquis
1454 4100 1604 4144 titulis
1641 4099 1892 4144 admodum
1923 4106 2056 4145 caute
2095 4101 2526 4157 circumspecteque
2563 4112 2652 4142 nos
2685 4096 2872 4142 versari

378 4189 552 4239 debere
590 4188 806 4232 arbitror
828 4221 841 4242 ‚
898 4204 986 4234 nec
1021 4189 1281 4234 reiicienda
1321 4203 1428 4233 esse
1471 4190 1631 4232 omnia
1663 4189 1982 4243 monimenta,
2039 4203 2159 4246 quae
2197 4189 2553 4241 consuetudini,
2609 4201 2728 4245 quae
2764 4185 2872 4230 usui

374 4279 635 4342 loquendi,
676 4290 797 4335 quae
828 4279 1010 4338 regulis
1052 4280 1264 4333 nostris,
1303 4277 1517 4324 collectis
1554 4290 1612 4322 ex
1648 4278 1865 4333 plurimis
1902 4278 2159 4333 exemplis,
2200 4278 2510 4322 adversentur
2533 4309 2545 4332 ,
2585 4289 2726 4333 quum
2760 4275 2871 4319 titu-

378 4369 482 4421 lus,
541 4368 655 4411 licet
696 4367 759 4410 sit
792 4367 1024 4421 vitiosus,
1070 4372 1228 4411 tamen
1274 4369 1493 4424 antiquus
1530 4380 1637 4411 csse
1680 4367 1850 4421 possit.
1940 4367 2097 4423 Quare
2132 4380 2218 4411 nec
2253 4366 2367 4410 mibi
2401 4364 2677 4409 ‘MAFFEn
2713 4364 2869 4416 ratio,

379 4456 594 4513 quamvis
636 4469 856 4514 magnam
893 4456 1070 4515 ingenii
1110 4457 1210 4500 vim
1245 4456 1581 4513 doctrinaeque
1619 4455 1805 4511 copiam
1841 4456 2086 4511 ostendat,
2139 4455 2399 4512 probatur,
2446 4467 2537 4513 qua
2571 4452 2685 4497 mibi
2717 4452 2872 4497 omnis

378 4653 424 4692 C.
453 4654 503 4693 F.
537 4651 863 4692 CALLYSTVS
887 4647 912 4701 ΙΙ
940 4651 1309 4693 PRAEF'Ecrvs
1340 4649 1518 4693 CLASS.
1548 4650 1794 4692 RAVBNN.
1815 4644 1839 4697 ΙΙ
1862 4649 2227 4693 PRAEFECTVS
2259 4646 2492 4703 COLLEG,
2524 4647 2720 4688 DENDR
2742 4641 2867 4698 1121·

378 4727 703 4768 CENTONAR.
731 4712 817 4769 fffi
846 4719 982 4774 vmu
1003 4727 1315 4780 QVINQVEN.
1346 4750 1397 4760 —-
1452 4729 1688 4768 Ravennae.
1738 4725 1894 4769 ondins
1924 4742 1976 4767 er
2005 4726 2184 4780 Liger-ie.
2229 4722 2338 4764 Gud-
2362 4725 2412 4772 ³,
2446 4723 2496 4763 ⁵¹¹
2525 4745 2577 4755 —
2631 4723 2869 4764 Ravennae.

376 4803 502 4845 Misit
527 4804 582 4846 Ρ.
612 4802 673 4845 D.
703 4803 850 4846 Pete-es
880 4803 1029 4846 Paulus
1060 4803 1256 4853 Ginoewn‘,
1283 4804 1412 4846 Prior
1444 4801 1730 4845 Bendidium.
1788 4802 1896 4844 Mur.
1923 4804 2003 4850 10.
2039 4805 2081 4844 1.
2136 4798 2283 4842 Orelli.
