3502 5487
1156 502 1698 561 EPIGRAPIIICA
1737 503 1900 560 VIII.
2654 507 2773 566 ‘545

297 638 553 711 perlegit,
596 639 822 691 TEcum
866 635 1044 690 facere
1084 635 1380 689 recusabit.
1452 634 1588 689 Vide
1615 651 1754 708 quae
1791 651 1985 689 contra
2025 638 2395 692 Muratorium
2441 642 2499 691 in
2539 637 2775 711 epistola

205 788 212 793 ,
300 733 364 784 ad
407 733 510 786 lnl.
552 731 992 786 ssLAvmtttvM
1041 747 1164 802 pag.
1195 732 1247 785 9.
1300 739 1386 785 10.
1421 728 1723 802 disputavi,
1779 748 1947 801 quum
1984 745 2110 783 ante
2149 736 2334 784 omnia
2377 747 2551 785 totam
2587 736 2774 787 Mura-

297 832 426 879 torii
486 824 895 879 adnotationem
944 840 1074 877 cum
1127 821 1464 895 pulvisculo,
1531 820 1689 878 fidem
1734 823 2252 896 reprehensionibus
2310 829 2445 877 meis
2497 823 2775 892 facturus,

298 920 362 974 ad
371 920 632 991 tulissem.

445 1032 588 1103 Erga
625 1032 993 1085 Muratorium
1024 1022 1193 1082 nimis
1224 1026 1397 1090 lenIs,
1448 1040 1699 1100 asperum
1738 1027 1847 1080 hoc
1890 1025 2125 1094 dedisti,
2179 1028 2406 1081 RetiarIi
2455 1031 2771 1101 inscriptio-

294 1143 424 1177 nem
457 1126 1164 1179 Cratero-Muratorianam
1209 1120 1513 1191 legitimam
1553 1137 1663 1173 non
1703 1138 1842 1173 esse.
1921 1120 2071 1190 Quid
2106 1124 2222 1175 ita?
2282 1122 2338 1173 E
2372 1122 2620 1188 schedis,
2687 1128 2772 1176 in-

295 1224 454 1287 quis,
506 1226 670 1281 orta,
727 1235 890 1289 qnam
944 1233 1102 1266 nemo
1150 1212 1300 1265 vidit
1348 1231 1602 1284 unquam.
1676 1213 1722 1265 E
1765 1212 2090 1266 schedarum
2132 1215 2452 1269 auctoribus
2492 1221 2770 1270 nemiuem

294 1327 532 1383 unquam
566 1310 738 1364 ullum
777 1307 1084 1365 αὐτόπτου
1121 1322 1313 1379 typum
1349 1305 1581 1374 vidisse,
1631 1304 1777 1359 unde
1816 1306 1976 1360 nobis
2023 1306 2153 1362 fides
2195 1309 2292 1363 fit?
2365 1309 2574 1363 Eodem
2624 1316 2772 1374 iure,
2862 1346 2868 1353 -

294 1423 390 1457 seu
437 1409 638 1457 iniuria
679 1407 893 1475 potius,
953 1416 1311 1454 sexcentenus
1351 1398 1591 1472 lapides,
1658 1418 1728 1452 ne
1767 1405 2056 1454 minimum
2090 1400 2313 1473 quidem
2352 1404 2601 1467 νοθείας
2633 1424 2771 1480 ’‘4²⁶-

292 1496 504 1571 τήριον
542 1494 610 1548 de
642 1514 700 1548 sc
740 1495 1066 1569 prodentes,
1122 1493 1518 1573 multo—minus
1574 1498 1633 1547 in
1680 1509 1738 1547 sc
1791 1492 2088 1563 habentes,
2144 1514 2210 1549 ex
2244 1495 2772 1573 qum‘mvlnumero

292 1606 679 1664 expungemus.
1453 1652 1458 1661 ,

1326 1682 1457 1753 pag.
1494 1682 1634 1746 1472
1677 1684 1730 1735 2.

441 1794 887 1849 MVRATORIO
931 1797 1106 1860 1251,
1150 1799 1202 1853 8.
1242 1810 1308 1845 ex
1347 1793 1444 1846 TE
1481 1791 1635 1845 danti
1676 1807 1730 1846 et
1769 1790 1895 1844 heic
1926 1794 2129 1865 parcis.
2206 1794 2414 1866 Repeto
2448 1811 2572 1847 vere
2602 1810 2633 1846 a
2670 1795 2801 1849 ΤΕ·

292 1889 359 1941 ad
397 1893 535 1955 1¹17,
575 1896 627 1944 1.
668 1886 853 1940 dicta:
892 1888 1092 1939 IVovus
1126 1885 1447 1938 Thesaurus
1487 1884 1711 1956 referre
1743 1885 1921 1936 verba
1956 1889 2100 1937 satis
2128 1882 2357 1951 habuit,
2407 1887 2510 1938 sed
2541 1907 2607 1941 ea
2645 1894 2768 1959 ipsa

292 2000 632 2053 nequaquam
678 1980 960 2052 feb‘citer.
1037 1978 1186 2050 Quid
1239 1981 1429 2031 enim?
1500 1978 1900 2033 CARISSIME
1955 1995 2142 2032 versus
2205 1979 2390 2032 ultimi
2447 1998 2549 2054 pro
2595 1984 2767 2036 PIIS·

291 2076 474 2128 SIME
520 2091 580 2128 ut
625 2072 1004 2140 condonetur,
1070 2090 1253 2125 versus
1296 2077 1445 2126 tertii
1491 2056 1893 2125 connexionem
1933 2073 2055 2129 τῶν
2083 2073 2131 2125 E
2162 2087 2216 2125 et
2259 2075 2303 2125 L
2338 2089 2466 2126 ante
2508 2074 2766 2129 lacunam
2842 2084 2845 2087 ’

292 2168 427 2220 adeo
475 2185 582 2220 non
622 2157 886 2240 pervidit,
927 2183 987 2220 ut
1028 2167 1255 2220 MARC.
1295 2166 1394 2219 ET
1410 2202 1655 2221 ......
1705 2163 1866 2218 nobis
1908 2164 2151 2230 finxe'rit,
2207 2185 2307 2239 pro
2340 2169 2761 2225 MARCEL....

290 2268 329 2314 i.
373 2282 421 2316 e.
461 2261 887 2325 MARCELlint,
941 2276 1000 2313 ut
1041 2259 1294 2313 lacunam
1333 2264 1390 2312 in
1424 2260 1563 2314 Ver.
1596 2259 1810 2311 Illustr.
1847 2260 1992 2311 Insc.
2032 2278 2089 2312 n.
2133 2262 2190 2318 6.
2228 2276 2485 2331 vacuam,
2535 2262 2661 2314 heic
2705 2265 2764 2315 in

286 2356 486 2407 filus-eo
525 2360 699 2429 perite
738 2353 1043 2428 explevisti.

1149 2447 1232 2502 Μ.
1266 2446 1612 2500 Conccnetus
1653 2446 1790 2511 147,
1838 2449 1894 2500 2.

287 2564 345 2612 in
387 2556 567 2612 indice
605 2558 757 2612 TVO
797 2574 918 2631 pag.
960 2561 1088 2617 505.
1133 2558 1241 2613 col.
1284 2574 1333 2611 a.
1368 2556 1565 2610 relatus
1606 2572 1716 2609 est:
1757 2560 2151 2630 praestitisset,
2192 2573 2357 2631 puto,

952 2670 1037 2723 M.
1075 2670 1440 2722 Concenetius
1482 2668 1842 2723 Marcellinus
1881 2670 2017 2735 147,
2057 2675 2111 2725 2.

437 2765 550 2819 Cur
587 2769 734 2817 enim
768 2764 1008 2817 hominis
1047 2780 1350 2834 cognomen
1389 2764 1548 2816 nobis
1589 2761 1918 2815 subtraxeris
1957 2780 2072 2815 non
2104 2767 2375 2836 excogito.
2440 2763 2760 2836 Cognomen

283 2858 652 2909 stlat-sellium
696 2862 741 2910 si
778 2856 1152 2930 adposuisses,
1190 2855 1332 2909 forte
1370 2871 1423 2908 et
1464 2857 1828 2908 Convenetins
1863 2853 2138 2922 dedisses,
2178 2876 2245 2909 ne
2278 2863 2397 2911 sine
2433 2873 2626 2911 caussa
2660 2876 2760 2911 no-

239 2949 244 2954 ’
281 2969 411 3002 men
464 2952 802 3023 gentilitium
850 2967 964 3004 nou
1004 2955 1062 3003 iu
1103 2950 1216 3003 IVS
1257 2954 1664 3003 terminaretur.
1733 2951 1759 3002 I
1801 2953 1950 3000 enim
1991 2950 2148 3002 finale
2183 2955 2410 3021 genitivi
2456 2969 2553 3023 pro
2599 2953 2654 3004 11
2689 2950 2757 3004 de

284 3047 437 3097 inore
475 3049 783 3117 accipitur,
827 3058 884 3096 ut
921 3062 972 3099 v.
1010 3047 1064 3101 5.
1108 3042 1525 3096 PATRIMONI
1567 3046 1804 3096 incisum
1843 3059 1943 3114 pro
1984 3043 2452 3100 PATmMONn.

429 3136 512 3190 Ad
546 3136 780 3190 eundem
818 3135 1058 3209 lapidem
1094 3135 1324 3191 offendit
1365 3137 1740 3203 Muratorius,
1793 3140 1886 3208 qui
1922 3139 2037 3189 saxi
2074 3136 2201 3194 TVI
2237 3141 2296 3192 in
2326 3137 2604 3192 indicibus
2640 3143 2754 3192 suis

277 3228 364 3283 bis
406 3245 622 3285 tuntum
661 3233 942 3285 meminit:

1112 3323 1195 3377 Μ.
1234 3323 1583 3377 Concenetus
1638 3323 1813 3388 1251,
1850 3327 1905 3381 8.

278 3449 593 3524 praeterea,
631 3433 778 3507 quod
822 3436 916 3508 qui
956 3440 1008 3490 cl
1054 3434 1357 3508 obrepserit
1401 3437 1713 3486 nescimus:

1125 3547 1210 3601 M.
1255 3546 1565 3598 Cocenetus
1610 3548 1784 3609 1251,
1831 3551 1884 3605 8.

427 3644 509 3697 De
543 3662 594 3700 v.
635 3647 688 3702 4.
727 3644 810 3698 Μ.
841 3644 1068 3699 CONG.
1105 3644 1444 3698 lvsTIst
1477 3661 1545 3697 ex
1584 3644 1900 3697 Muratorio
1937 3641 2077 3697 nihil
2117 3641 2494 3715 intelligimus.
2575 3645 2751 3712 TIBI,

277 3754 336 3792 ut
379 3757 445 3790 ex
484 3737 724 3792 lectione
757 3738 900 3791 TVA
935 3736 1206 3809 explicata
1238 3736 1429 3802 video,
1481 3735 1704 3807 placuit?
1731 3737 1820 3790 M.
1854 3738 2102 3805 Congius
2125 3738 2400 3803 Iustinus,
2441 3738 2587 3810 quod
2613 3758 2754 3792 non-

278 3831 420 3883 nihil
465 3836 656 3885 miror.
736 3833 801 3884 In
846 3835 1246 3903 permutatione
1301 3834 1450 3882 enim
1500 3828 1843 3883 literularum
1886 3830 1931 3882 C
1973 3845 2028 3882 et
2075 3830 2127 3884 G
2167 3845 2249 3884 tot
2287 3832 2580 3905 exemplis,
2617 3849 2751 3905 quot

278 3924 384 3976 alia
415 3924 581 3989 nulla,
623 3928 981 3977 testatissima
1015 3922 1436 3976 CONGem-tae’us
1472 3922 1697 3994 pulchre
1734 3922 2031 3995 procedere
2064 3920 2295 3991 videtur,
2336 3929 2587 3997 iuvatque
2612 3944 2752 3978 non-

273 4017 447 4083 nihil,
486 4023 542 4070 in
572 4029 932 4070 monumento
970 4016 1193 4089 parvulo
1228 4021 1490 4069 memoria
1518 4015 2075 4069 CONGENNlCIAE
2114 4015 2256 4088 apud
2289 4018 2441 4072 Mur.
2469 4023 2748 4092 1778‚,12.

423 4114 525 4164 Per
557 4112 695 4164 mihi
734 4110 975 4183 placuit,
1032 4108 1178 4186 quod
1224 4108 1592 4163 eruditissime
1631 4125 1826 4174 notas,
1885 4126 1997 4160 non
2038 4114 2147 4161 iam
2182 4107 2249 4161 ad
2288 4115 2394 4176 85,
2436 4115 2489 4169 4.
2521 4111 2617 4166 sed
2654 4110 2749 4166 de..

270 4220 423 4255 mum
467 4203 533 4255 ad
564 4212 667 4268 88,
707 4211 759 4259 ‘2-
796 4207 1001 4257 Varum
1038 4205 1276 4259 Macrini
1309 4219 1520 4276 patrem
1555 4207 1785 4256 minime
1820 4199 2100 4268 iudicans,
2141 4201 2234 4255 sed
2269 4218 2482 4275 patrem
2518 4204 2749 4272 dictum,

270 4295 418 4368 quod
467 4303 580 4349 cius
635 4297 774 4350 lilius
829 4297 1004 4350 tribus
1057 4297 1303 4350 eiusdem
1343 4295 1662 4350 nominibus
1707 4311 1975 4349 uteretur.
2056 4296 2140 4349 Ita
2176 4295 2450 4349 interdum
2486 4297 2745 4352 IVNIOR

267 4389 472 4442 dicitur
512 4390 580 4442 ab
619 4391 727 4442 olio
766 4388 1064 4443 eorundem
1101 4397 1384 4445 nominum
1423 4394 1672 4455 seniore,
1739 4393 1985 4460 quamvis
2033 4393 2091 4441 in
2140 4387 2331 4442 eadem
2381 4395 2746 4465 inscriptione

265 4501 380 4536 non
419 4500 754 4548 memorato,
795 4482 1209 4553 distinguendus
1239 4504 1287 4537 v.
1320 4483 1479 4537 Fabr.
1513 4503 1567 4557 p.
1599 4486 1727 4543 568.
1754 4503 1811 4536 n.
1842 4482 2054 4538 XXIV.
2131 4484 2317 4552 Quum
2357 4484 2551 4536 Varus
2574 4496 2744 4556 pater·

266 4583 343 4630 ita
376 4575 650 4649 explicatu
688 4577 884 4649 dignus
917 4578 1078 4631 TIBI
1112 4582 1184 4631 sit
1224 4581 1400 4641 visuS,
1442 4595 1511 4629 ne
1545 4592 1751 4630 temere
1784 4591 1942 4649 pater
1979 4591 2034 4628 et
2071 4574 2211 4629 filius
2243 4574 2580 4631 diversarum
2612 4600 2746 4652 gen-

263 4675 403 4723 tium
443 4668 610 4724 fuisse
648 4668 1029 4725 crederentur:
1094 4686 1303 4744 patrem
1345 4669 1734 4724 Marcellinum
1776 4671 2139 4723 Concenetiae
2179 4676 2392 4742 gentis,
2442 4668 2615 4725 filium
2651 4676 2745 4727 Iu-

263 4768 469 4818 stinum
520 4766 767 4832 Congiae
816 4762 1019 4828 fuisse,
1085 4782 1197 4818 non
1245 4762 1396 4820 valde
1449 4778 1607 4828 amo,
1676 4780 1805 4816 cum
1851 4763 2081 4818 CONG.
2125 4781 2238 4817 non
2279 4765 2604 4833 CONGius,
2645 4766 2743 4819 sed

261 4858 686 4914 CONGenete'us
723 4873 981 4932 acceptus
1021 4864 1100 4914 rei
1133 4859 1263 4918 huie
1304 4855 1608 4911 medicetur
1646 4862 1881 4930 optime:
1919 4857 2050 4912 licet
2083 4875 2196 4911 non
2230 4862 2572 4925 nesciamus,
2618 4857 2741 4914 dari
