<?xml version="1.0" encoding="UTF-8"?>
<!DOCTYPE html PUBLIC "-//W3C//DTD XHTML 1.0 Transitional//EN"
    "http://www.w3.org/TR/xhtml1/DTD/xhtml1-transitional.dtd">
<html xmlns="http://www.w3.org/1999/xhtml" xml:lang="en" lang="en">
 <head>
  <title>
</title>
<meta http-equiv="Content-Type" content="text/html;charset=utf-8" />
  <meta name='ocr-system' content='tesseract 3.04.00' />
  <meta name='ocr-capabilities' content='ocr_page ocr_carea ocr_par ocr_line ocrx_word'/>
</head>
<body>
  <div class='ocr_page' id='page_1' title='image "./inscriptionvmla02unkngoog_0258.png"; bbox 0 0 3502 5487; ppageno 0'>
   <div class='ocr_carea' id='block_1_1' title="bbox 986 418 1022 447">
    <p class='ocr_par' dir='ltr' id='par_1_1' title="bbox 986 418 1022 447">
     <span class='ocr_line' id='line_1_1' title="bbox 986 418 1022 447; baseline 0 -8"><span class='ocrx_word' id='word_1_1' title='bbox 986 418 1022 447; x_wconf 58' lang='lat' dir='ltr'>Q</span> 
     </span>
    </p>
   </div>
   <div class='ocr_carea' id='block_1_2' title="bbox 664 462 2713 539">
    <p class='ocr_par' dir='ltr' id='par_1_2' title="bbox 664 462 2713 539">
     <span class='ocr_line' id='line_1_2' title="bbox 664 462 2713 539; baseline 0 -14"><span class='ocrx_word' id='word_1_2' title='bbox 664 469 775 531; x_wconf 88' lang='grc'><strong>258</strong></span> <span class='ocrx_word' id='word_1_3' title='bbox 1001 522 1009 539; x_wconf 78' lang='grc'><strong><em>,</em></strong></span> <span class='ocrx_word' id='word_1_4' title='bbox 1116 462 1185 528; x_wconf 91' lang='lat' dir='ltr'><strong>C.</strong></span> <span class='ocrx_word' id='word_1_5' title='bbox 1228 467 1337 525; x_wconf 91' lang='lat'><strong>111.</strong></span> <span class='ocrx_word' id='word_1_6' title='bbox 1416 465 1813 539; x_wconf 80' lang='lat' dir='ltr'>HISTORIA</span> <span class='ocrx_word' id='word_1_7' title='bbox 1849 467 2314 530; x_wconf 82' lang='lat' dir='ltr'><strong>LITERARIA.</strong></span> <span class='ocrx_word' id='word_1_8' title='bbox 2387 468 2713 529; x_wconf 82' lang='lat' dir='ltr'><strong>STVDIA.</strong></span> 
     </span>
    </p>
   </div>
   <div class='ocr_carea' id='block_1_3' title="bbox 641 607 3239 2566">
    <p class='ocr_par' dir='ltr' id='par_1_3' title="bbox 641 607 3239 2566">
     <span class='ocr_line' id='line_1_3' title="bbox 675 607 3180 667; baseline 0.001 -13"><span class='ocrx_word' id='word_1_9' title='bbox 675 607 972 655; x_wconf 76' lang='lat' dir='ltr'><strong>simillimum</strong></span> <span class='ocrx_word' id='word_1_10' title='bbox 1007 607 1196 667; x_wconf 67' lang='lat' dir='ltr'><strong>liuguae</strong></span> <span class='ocrx_word' id='word_1_11' title='bbox 1234 607 1303 653; x_wconf 90' lang='lat' dir='ltr'><strong>illi</strong></span> <span class='ocrx_word' id='word_1_12' title='bbox 1340 608 1578 659; x_wconf 87' lang='lat' dir='ltr'><strong>rusticae,</strong></span> <span class='ocrx_word' id='word_1_13' title='bbox 1638 620 1696 655; x_wconf 79' lang='lat' dir='ltr'><strong>ex</strong></span> <span class='ocrx_word' id='word_1_14' title='bbox 1732 622 1826 666; x_wconf 90' lang='lat' dir='ltr'><strong>qua</strong></span> <span class='ocrx_word' id='word_1_15' title='bbox 1862 613 1997 654; x_wconf 83' lang='lat' dir='ltr'><strong>ortae</strong></span> <span class='ocrx_word' id='word_1_16' title='bbox 2034 614 2145 654; x_wconf 85' lang='lat' dir='ltr'><strong>sunt</strong></span> <span class='ocrx_word' id='word_1_17' title='bbox 2179 611 2477 655; x_wconf 86' lang='lat' dir='ltr'><strong>recentiores</strong></span> <span class='ocrx_word' id='word_1_18' title='bbox 2514 610 2707 663; x_wconf 78' lang='lat' dir='ltr'><strong>italica,</strong></span> <span class='ocrx_word' id='word_1_19' title='bbox 2758 608 3013 665; x_wconf 78' lang='lat' dir='ltr'><strong>Hispanics</strong></span> <span class='ocrx_word' id='word_1_20' title='bbox 3050 614 3180 665; x_wconf 61' lang='lat' dir='ltr'><strong>cet„</strong></span> 
     </span>
     <span class='ocr_line' id='line_1_4' title="bbox 674 676 3179 735; baseline 0 -12"><span class='ocrx_word' id='word_1_21' title='bbox 674 692 843 724; x_wconf 75' lang='lat' dir='ltr'><strong>verum</strong></span> <span class='ocrx_word' id='word_1_22' title='bbox 889 678 1033 722; x_wconf 86' lang='lat' dir='ltr'><strong>etiam</strong></span> <span class='ocrx_word' id='word_1_23' title='bbox 1083 679 1220 721; x_wconf 86' lang='lat' dir='ltr'><strong>inane</strong></span> <span class='ocrx_word' id='word_1_24' title='bbox 1268 677 1383 721; x_wconf 87' lang='lat' dir='ltr'><strong>illud</strong></span> <span class='ocrx_word' id='word_1_25' title='bbox 1433 683 1531 721; x_wconf 86' lang='lat' dir='ltr'><strong>tum</strong></span> <span class='ocrx_word' id='word_1_26' title='bbox 1568 676 2035 733; x_wconf 73' lang='lat' dir='ltr'><strong>Frontonianorum,</strong></span> <span class='ocrx_word' id='word_1_27' title='bbox 2070 684 2199 729; x_wconf 43' lang='lat' dir='ltr'><strong>,tum</strong></span> <span class='ocrx_word' id='word_1_28' title='bbox 2246 680 2509 735; x_wconf 73' lang='lat' dir='ltr'><strong>Appuleii,¹</strong></span> <span class='ocrx_word' id='word_1_29' title='bbox 2560 680 2877 733; x_wconf 72' lang='lat' dir='ltr'><strong>Tertulliani,</strong></span> <span class='ocrx_word' id='word_1_30' title='bbox 2941 681 3179 734; x_wconf 76' lang='lat' dir='ltr'><strong>Arnobii,</strong></span> 
     </span>
     <span class='ocr_line' id='line_1_5' title="bbox 673 746 3183 806; baseline 0 -13"><span class='ocrx_word' id='word_1_31' title='bbox 673 750 883 793; x_wconf 88' lang='lat' dir='ltr'><strong>aliorum</strong></span> <span class='ocrx_word' id='word_1_32' title='bbox 932 748 1141 791; x_wconf 85' lang='lat' dir='ltr'><strong>studium</strong></span> <span class='ocrx_word' id='word_1_33' title='bbox 1189 746 1421 791; x_wconf 80' lang='lat' dir='ltr'><strong>vocabula</strong></span> <span class='ocrx_word' id='word_1_34' title='bbox 1468 747 1717 802; x_wconf 83' lang='lat' dir='ltr'><strong>obsoleta,</strong></span> <span class='ocrx_word' id='word_1_35' title='bbox 1782 749 2054 806; x_wconf 84' lang='lat' dir='ltr'><strong>antiquata,</strong></span> <span class='ocrx_word' id='word_1_36' title='bbox 2117 755 2165 793; x_wconf 91' lang='lat' dir='ltr'><strong>et</strong></span> <span class='ocrx_word' id='word_1_37' title='bbox 2204 751 2385 793; x_wconf 77' lang='lat' dir='ltr'><strong>comica</strong></span> <span class='ocrx_word' id='word_1_38' title='bbox 2423 750 2733 794; x_wconf 79' lang='lat' dir='ltr'><strong>immoderate</strong></span> <span class='ocrx_word' id='word_1_39' title='bbox 2771 763 2825 793; x_wconf 88' lang='lat' dir='ltr'><strong>ac</strong></span> <span class='ocrx_word' id='word_1_40' title='bbox 2864 750 2964 793; x_wconf 81' lang='lat' dir='ltr'><strong>sine</strong></span> <span class='ocrx_word' id='word_1_41' title='bbox 3003 752 3183 795; x_wconf 84' lang='lat' dir='ltr'><strong>iudicio</strong></span> 
     </span>
     <span class='ocr_line' id='line_1_6' title="bbox 673 817 3182 879; baseline 0 -16"><span class='ocrx_word' id='word_1_42' title='bbox 673 817 930 873; x_wconf 83' lang='lat' dir='ltr'><strong>usurpandi</strong></span> <span class='ocrx_word' id='word_1_43' title='bbox 966 817 1140 862; x_wconf 82' lang='lat' dir='ltr'><strong>alicubi</strong></span> <span class='ocrx_word' id='word_1_44' title='bbox 1178 830 1292 860; x_wconf 86' lang='lat' dir='ltr'><strong>sane</strong></span> <span class='ocrx_word' id='word_1_45' title='bbox 1334 817 1590 877; x_wconf 69' lang='lat' dir='ltr'>tetigisset.</span> <span class='ocrx_word' id='word_1_46' title='bbox 1646 818 1938 873; x_wconf 87' lang='lat' dir='ltr'><strong>Praeterea,</strong></span> <span class='ocrx_word' id='word_1_47' title='bbox 1979 819 2123 875; x_wconf 85' lang='lat' dir='ltr'><strong>(quod</strong></span> <span class='ocrx_word' id='word_1_48' title='bbox 2161 832 2382 879; x_wconf 78' lang='lat' dir='ltr'><strong>magnum</strong></span> <span class='ocrx_word' id='word_1_49' title='bbox 2419 825 2493 863; x_wconf 89' lang='lat' dir='ltr'><strong>est</strong></span> <span class='ocrx_word' id='word_1_50' title='bbox 2526 825 2858 879; x_wconf 68' lang='lat' dir='ltr'><strong>argumentum</strong></span> <span class='ocrx_word' id='word_1_51' title='bbox 2888 818 3134 865; x_wconf 81' lang='lat' dir='ltr'><strong>Niebubrii</strong></span> <span class='ocrx_word' id='word_1_52' title='bbox 3143 821 3182 873; x_wconf 86' lang='lat'><strong>,)</strong></span> 
     </span>
     <span class='ocr_line' id='line_1_7' title="bbox 676 884 3182 966; baseline 0 -33"><span class='ocrx_word' id='word_1_53' title='bbox 676 900 924 933; x_wconf 79' lang='lat' dir='ltr'><strong>mammea</strong></span> <span class='ocrx_word' id='word_1_54' title='bbox 970 889 1053 932; x_wconf 89' lang='lat' dir='ltr'><strong>illa</strong></span> <span class='ocrx_word' id='word_1_55' title='bbox 1090 886 1148 931; x_wconf 91' lang='lat' dir='ltr'><strong>C.</strong></span> <span class='ocrx_word' id='word_1_56' title='bbox 1193 884 1276 933; x_wconf 84' lang='lat'><strong>69.</strong></span> <span class='ocrx_word' id='word_1_57' title='bbox 1294 901 1622 966; x_wconf 77' lang='lat' dir='ltr'><strong>nequaquam</strong></span> <span class='ocrx_word' id='word_1_58' title='bbox 1669 894 1743 933; x_wconf 85' lang='lat' dir='ltr'><strong>est</strong></span> <span class='ocrx_word' id='word_1_59' title='bbox 1778 887 2067 932; x_wconf 72' lang='lat' dir='ltr'><strong>Mammam</strong></span> <span class='ocrx_word' id='word_1_60' title='bbox 2116 902 2159 932; x_wconf 93' lang='grc'><strong>3.</strong></span> <span class='ocrx_word' id='word_1_61' title='bbox 2198 887 2430 937; x_wconf 84' lang='lat' dir='ltr'><strong>Mamea.</strong></span> <span class='ocrx_word' id='word_1_62' title='bbox 2493 895 2647 935; x_wconf 82' lang='lat' dir='ltr'><strong>mater</strong></span> <span class='ocrx_word' id='word_1_63' title='bbox 2681 889 2941 934; x_wconf 75' lang='lat' dir='ltr'><strong>Alexandri</strong></span> <span class='ocrx_word' id='word_1_64' title='bbox 2980 892 3182 943; x_wconf 82' lang='lat' dir='ltr'><strong>Severi,</strong></span> 
     </span>
     <span class='ocr_line' id='line_1_8' title="bbox 676 947 3177 1029; baseline -0.001 -18"><span class='ocrx_word' id='word_1_65' title='bbox 676 967 761 1023; x_wconf 84' lang='lat' dir='ltr'><strong>sed</strong></span> <span class='ocrx_word' id='word_1_66' title='bbox 816 968 889 1008; x_wconf 85' lang='lat' dir='ltr'><strong>est</strong></span> <span class='ocrx_word' id='word_1_67' title='bbox 937 947 1350 1029; x_wconf 74' lang='grc' dir='ltr'>ὑποκορισμὸς</span> <span class='ocrx_word' id='word_1_68' title='bbox 1398 952 1596 1009; x_wconf 78' lang='lat' dir='ltr'><strong>ver-uilis</strong></span> <span class='ocrx_word' id='word_1_69' title='bbox 1654 977 1743 1021; x_wconf 86' lang='lat' dir='ltr'><strong>pro</strong></span> <span class='ocrx_word' id='word_1_70' title='bbox 1797 979 2015 1010; x_wconf 81' lang='lat' dir='ltr'><strong>mamma</strong></span> <span class='ocrx_word' id='word_1_71' title='bbox 2068 979 2206 1020; x_wconf 84' lang='lat' dir='ltr'><strong>mea,</strong></span> <span class='ocrx_word' id='word_1_72' title='bbox 2281 971 2330 1009; x_wconf 90' lang='lat' dir='ltr'><strong>ut</strong></span> <span class='ocrx_word' id='word_1_73' title='bbox 2384 966 2536 1022; x_wconf 82' lang='lat' dir='ltr'><strong>plebis</strong></span> <span class='ocrx_word' id='word_1_74' title='bbox 2592 965 2786 1010; x_wconf 75' lang='lat' dir='ltr'><strong>Italicae</strong></span> <span class='ocrx_word' id='word_1_75' title='bbox 2839 960 3177 1017; x_wconf 67' lang='lat' dir='ltr'><strong>mdmmama,</strong></span> 
     </span>
     <span class='ocr_line' id='line_1_9' title="bbox 674 1020 3180 1091; baseline -0 -12"><span class='ocrx_word' id='word_1_76' title='bbox 674 1020 971 1087; x_wconf 70' lang='lat' dir='ltr'><strong>mcidrema5</strong></span> <span class='ocrx_word' id='word_1_77' title='bbox 1031 1034 1193 1089; x_wconf 85' lang='lat' dir='ltr'><strong>sicque</strong></span> <span class='ocrx_word' id='word_1_78' title='bbox 1232 1033 1334 1082; x_wconf 85' lang='lat' dir='ltr'><strong>sine</strong></span> <span class='ocrx_word' id='word_1_79' title='bbox 1373 1035 1516 1080; x_wconf 89' lang='lat' dir='ltr'><strong>dubio</strong></span> <span class='ocrx_word' id='word_1_80' title='bbox 1552 1035 1765 1080; x_wconf 79' lang='lat' dir='ltr'><strong>vernulis</strong></span> <span class='ocrx_word' id='word_1_81' title='bbox 1812 1036 1971 1090; x_wconf 89' lang='lat' dir='ltr'><strong>pneris</strong></span> <span class='ocrx_word' id='word_1_82' title='bbox 2021 1037 2237 1080; x_wconf 86' lang='lat' dir='ltr'><strong>dominas</strong></span> <span class='ocrx_word' id='word_1_83' title='bbox 2274 1037 2507 1081; x_wconf 86' lang='lat' dir='ltr'><strong>interdum</strong></span> <span class='ocrx_word' id='word_1_84' title='bbox 2545 1052 2572 1078; x_wconf 81' lang='lat' dir='ltr'><strong>a</strong></span> <span class='ocrx_word' id='word_1_85' title='bbox 2608 1036 2787 1091; x_wconf 88' lang='lat' dir='ltr'><strong>pellare</strong></span> <span class='ocrx_word' id='word_1_86' title='bbox 2823 1035 3007 1078; x_wconf 88' lang='lat' dir='ltr'><strong>licitum</strong></span> <span class='ocrx_word' id='word_1_87' title='bbox 3044 1041 3180 1079; x_wconf 89' lang='lat' dir='ltr'><strong>erat:</strong></span> 
     </span>
     <span class='ocr_line' id='line_1_10' title="bbox 677 1101 3177 1164; baseline -0.001 -13"><span class='ocrx_word' id='word_1_88' title='bbox 677 1106 838 1164; x_wconf 84' lang='lat' dir='ltr'><strong>quidni</strong></span> <span class='ocrx_word' id='word_1_89' title='bbox 878 1103 1066 1148; x_wconf 80' lang='lat' dir='ltr'><strong>tandem</strong></span> <span class='ocrx_word' id='word_1_90' title='bbox 1103 1101 1240 1146; x_wconf 89' lang='lat' dir='ltr'><strong>ebrio</strong></span> <span class='ocrx_word' id='word_1_91' title='bbox 1280 1102 1493 1155; x_wconf 82' lang='lat' dir='ltr'><strong>liberto?</strong></span> <span class='ocrx_word' id='word_1_92' title='bbox 1553 1106 1645 1150; x_wconf 86' lang='lat' dir='ltr'><strong>Sed</strong></span> <span class='ocrx_word' id='word_1_93' title='bbox 1683 1111 1734 1148; x_wconf 92' lang='lat' dir='ltr'><strong>ut</strong></span> <span class='ocrx_word' id='word_1_94' title='bbox 1770 1106 1827 1149; x_wconf 89' lang='lat' dir='ltr'><strong>ad</strong></span> <span class='ocrx_word' id='word_1_95' title='bbox 1864 1106 2161 1161; x_wconf 87' lang='lat' dir='ltr'><strong>propositum</strong></span> <span class='ocrx_word' id='word_1_96' title='bbox 2197 1107 2477 1151; x_wconf 74' lang='lat' dir='ltr'><strong>redeamus:</strong></span> <span class='ocrx_word' id='word_1_97' title='bbox 2588 1105 2877 1150; x_wconf 74' lang='lat' dir='ltr'><strong>‚Antonius</strong></span> <span class='ocrx_word' id='word_1_98' title='bbox 2914 1104 3177 1161; x_wconf 80' lang='lat' dir='ltr'><strong>Encolpus,</strong></span> 
     </span>
     <span class='ocr_line' id='line_1_11' title="bbox 677 1172 3181 1234; baseline -0.001 -14"><span class='ocrx_word' id='word_1_99' title='bbox 677 1175 881 1220; x_wconf 76' lang='lat' dir='ltr'>neminis</span> <span class='ocrx_word' id='word_1_100' title='bbox 917 1175 959 1218; x_wconf 88' lang='lat' dir='ltr'><strong>is</strong></span> <span class='ocrx_word' id='word_1_101' title='bbox 997 1173 1185 1230; x_wconf 86' lang='lat' dir='ltr'><strong>quidem</strong></span> <span class='ocrx_word' id='word_1_102' title='bbox 1223 1172 1452 1229; x_wconf 85' lang='lat' dir='ltr'><strong>libertus,</strong></span> <span class='ocrx_word' id='word_1_103' title='bbox 1507 1177 1597 1219; x_wconf 85' lang='lat' dir='ltr'><strong>etsi</strong></span> <span class='ocrx_word' id='word_1_104' title='bbox 1636 1175 1864 1221; x_wconf 85' lang='lat' dir='ltr'><strong>libertino</strong></span> <span class='ocrx_word' id='word_1_105' title='bbox 1899 1188 2077 1234; x_wconf 76' lang='lat' dir='ltr'><strong>genere</strong></span> <span class='ocrx_word' id='word_1_106' title='bbox 2116 1181 2279 1229; x_wconf 85' lang='lat' dir='ltr'><strong>ortus,</strong></span> <span class='ocrx_word' id='word_1_107' title='bbox 2319 1176 2502 1220; x_wconf 82' lang='lat' dir='ltr'><strong>Romae</strong></span> <span class='ocrx_word' id='word_1_108' title='bbox 2540 1176 2769 1234; x_wconf 73' lang='lat' dir='ltr'><strong>degebat,</strong></span> <span class='ocrx_word' id='word_1_109' title='bbox 2819 1176 2946 1218; x_wconf 88' lang='lat' dir='ltr'><strong>nulla</strong></span> <span class='ocrx_word' id='word_1_110' title='bbox 2984 1175 3181 1219; x_wconf 80' lang='lat' dir='ltr'><strong>omuino</strong></span> 
     </span>
     <span class='ocr_line' id='line_1_12' title="bbox 676 1243 3179 1304; baseline -0.001 -14"><span class='ocrx_word' id='word_1_111' title='bbox 676 1246 935 1304; x_wconf 69' lang='lat' dir='ltr'><strong>dignitate,</strong></span> <span class='ocrx_word' id='word_1_112' title='bbox 1000 1257 1058 1288; x_wconf 87' lang='lat' dir='ltr'><strong>ne</strong></span> <span class='ocrx_word' id='word_1_113' title='bbox 1108 1243 1379 1290; x_wconf 77' lang='lat' dir='ltr'><strong>sacerdotio</strong></span> <span class='ocrx_word' id='word_1_114' title='bbox 1428 1247 1618 1304; x_wconf 91' lang='lat' dir='ltr'><strong>quidem</strong></span> <span class='ocrx_word' id='word_1_115' title='bbox 1666 1245 1764 1289; x_wconf 93' lang='lat' dir='ltr'><strong>ullo</strong></span> <span class='ocrx_word' id='word_1_116' title='bbox 1812 1247 1884 1289; x_wconf 79' lang='lat' dir='ltr'><strong>vel</strong></span> <span class='ocrx_word' id='word_1_117' title='bbox 1935 1247 2215 1304; x_wconf 79' lang='lat' dir='ltr'><strong>magisterio</strong></span> <span class='ocrx_word' id='word_1_118' title='bbox 2263 1248 2536 1301; x_wconf 84' lang='lat' dir='ltr'><strong>praeditus,</strong></span> <span class='ocrx_word' id='word_1_119' title='bbox 2601 1246 2647 1288; x_wconf 85' lang='lat' dir='ltr'><strong>id</strong></span> <span class='ocrx_word' id='word_1_120' title='bbox 2684 1245 2808 1303; x_wconf 85' lang='lat' dir='ltr'><strong>quod</strong></span> <span class='ocrx_word' id='word_1_121' title='bbox 2847 1258 2962 1288; x_wconf 87' lang='lat' dir='ltr'><strong>sane</strong></span> <span class='ocrx_word' id='word_1_122' title='bbox 3000 1245 3179 1289; x_wconf 79' lang='lat' dir='ltr'><strong>oblitus</strong></span> 
     </span>
     <span class='ocr_line' id='line_1_13' title="bbox 675 1313 3179 1371; baseline -0 -12"><span class='ocrx_word' id='word_1_123' title='bbox 675 1329 771 1359; x_wconf 90' lang='lat' dir='ltr'><strong>non</strong></span> <span class='ocrx_word' id='word_1_124' title='bbox 819 1319 948 1358; x_wconf 82' lang='lat' dir='ltr'><strong>esset</strong></span> <span class='ocrx_word' id='word_1_125' title='bbox 990 1326 1279 1360; x_wconf 84' lang='lat' dir='ltr'><strong>memorare.</strong></span> <span class='ocrx_word' id='word_1_126' title='bbox 1355 1315 1414 1359; x_wconf 90' lang='lat' dir='ltr'><strong>C.</strong></span> <span class='ocrx_word' id='word_1_127' title='bbox 1464 1314 1722 1371; x_wconf 81' lang='lat' dir='ltr'><strong>Pompeius</strong></span> <span class='ocrx_word' id='word_1_128' title='bbox 1774 1315 2098 1368; x_wconf 70' lang='lat' dir='ltr'><strong>Trimalchio,</strong></span> <span class='ocrx_word' id='word_1_129' title='bbox 2164 1315 2363 1361; x_wconf 87' lang='lat' dir='ltr'><strong>libertus</strong></span> <span class='ocrx_word' id='word_1_130' title='bbox 2417 1318 2463 1360; x_wconf 89' lang='lat' dir='ltr'><strong>in</strong></span> <span class='ocrx_word' id='word_1_131' title='bbox 2518 1316 2741 1370; x_wconf 82' lang='lat' dir='ltr'><strong>colonia,</strong></span> <span class='ocrx_word' id='word_1_132' title='bbox 2799 1316 2900 1360; x_wconf 70' lang='lat' dir='ltr'><strong>sive</strong></span> <span class='ocrx_word' id='word_1_133' title='bbox 2950 1313 3179 1370; x_wconf 75' lang='lat' dir='ltr'><strong>Neapolis</strong></span> 
     </span>
     <span class='ocr_line' id='line_1_14' title="bbox 672 1384 3179 1443; baseline -0.001 -13"><span class='ocrx_word' id='word_1_134' title='bbox 672 1386 792 1437; x_wconf 70' lang='lat' dir='ltr'><strong>tuit,</strong></span> <span class='ocrx_word' id='word_1_135' title='bbox 834 1384 1211 1443; x_wconf 75' lang='lat' dir='ltr'><strong>(„Ignarra:&#39;&#39;)</strong></span> <span class='ocrx_word' id='word_1_136' title='bbox 1258 1387 1359 1430; x_wconf 82' lang='lat' dir='ltr'><strong>sive</strong></span> <span class='ocrx_word' id='word_1_137' title='bbox 1395 1386 1615 1439; x_wconf 85' lang='lat' dir='ltr'><strong>Puteoli,</strong></span> <span class='ocrx_word' id='word_1_138' title='bbox 1669 1385 2133 1440; x_wconf 80' lang='lat' dir='ltr'><strong>(„lannellius:”),</strong></span> <span class='ocrx_word' id='word_1_139' title='bbox 2185 1388 2286 1430; x_wconf 79' lang='lat' dir='ltr'><strong>sive</strong></span> <span class='ocrx_word' id='word_1_140' title='bbox 2323 1387 2479 1441; x_wconf 84' lang='lat' dir='ltr'><strong>potius</strong></span> <span class='ocrx_word' id='word_1_141' title='bbox 2517 1390 2720 1439; x_wconf 85' lang='lat' dir='ltr'><strong>neutra,</strong></span> <span class='ocrx_word' id='word_1_142' title='bbox 2761 1386 2979 1429; x_wconf 79' lang='lat' dir='ltr'><strong>Seviratu</strong></span> <span class='ocrx_word' id='word_1_143' title='bbox 3015 1385 3179 1443; x_wconf 76' lang='lat' dir='ltr'><strong>Augu·</strong></span> 
     </span>
     <span class='ocr_line' id='line_1_15' title="bbox 674 1454 3180 1513; baseline -0 -14"><span class='ocrx_word' id='word_1_144' title='bbox 674 1455 784 1500; x_wconf 88' lang='lat' dir='ltr'><strong>stali</strong></span> <span class='ocrx_word' id='word_1_145' title='bbox 833 1454 1045 1513; x_wconf 71' lang='lat' dir='ltr'><strong>gratuito</strong></span> <span class='ocrx_word' id='word_1_146' title='bbox 1094 1454 1355 1499; x_wconf 85' lang='lat' dir='ltr'><strong>honoratus</strong></span> <span class='ocrx_word' id='word_1_147' title='bbox 1403 1456 1504 1499; x_wconf 86' lang='lat' dir='ltr'><strong>suis</strong></span> <span class='ocrx_word' id='word_1_148' title='bbox 1553 1468 1605 1500; x_wconf 92' lang='lat' dir='ltr'><strong>se</strong></span> <span class='ocrx_word' id='word_1_149' title='bbox 1656 1455 1994 1510; x_wconf 78' lang='lat' dir='ltr'><strong>cupiditatibus</strong></span> <span class='ocrx_word' id='word_1_150' title='bbox 2043 1456 2281 1511; x_wconf 73' lang='lat' dir='ltr'><strong>explebat.</strong></span> <span class='ocrx_word' id='word_1_151' title='bbox 2356 1456 2598 1511; x_wconf 82' lang='lat' dir='ltr'><strong>Encolpus</strong></span> <span class='ocrx_word' id='word_1_152' title='bbox 2646 1460 2815 1500; x_wconf 89' lang='lat' dir='ltr'><strong>noster</strong></span> <span class='ocrx_word' id='word_1_153' title='bbox 2848 1466 3069 1513; x_wconf 76' lang='lat' dir='ltr'><strong>maguam</strong></span> <span class='ocrx_word' id='word_1_154' title='bbox 3105 1456 3180 1498; x_wconf 87' lang='lat' dir='ltr'><strong>rei</strong></span> 
     </span>
     <span class='ocr_line' id='line_1_16' title="bbox 674 1524 3181 1584; baseline -0 -16"><span class='ocrx_word' id='word_1_155' title='bbox 674 1524 927 1569; x_wconf 75' lang='lat' dir='ltr'><strong>familiaris</strong></span> <span class='ocrx_word' id='word_1_156' title='bbox 984 1524 1167 1568; x_wconf 82' lang='lat' dir='ltr'><strong>cladem</strong></span> <span class='ocrx_word' id='word_1_157' title='bbox 1219 1530 1502 1581; x_wconf 86' lang='lat' dir='ltr'><strong>acceperat;</strong></span> <span class='ocrx_word' id='word_1_158' title='bbox 1565 1526 1742 1570; x_wconf 83' lang='lat' dir='ltr'><strong>divitiis</strong></span> <span class='ocrx_word' id='word_1_159' title='bbox 1797 1525 2024 1570; x_wconf 79' lang='lat' dir='ltr'><strong>affluebat</strong></span> <span class='ocrx_word' id='word_1_160' title='bbox 2077 1526 2392 1573; x_wconf 77' lang='lat' dir='ltr'><strong>Trimalchio.</strong></span> <span class='ocrx_word' id='word_1_161' title='bbox 2478 1526 2649 1571; x_wconf 82' lang='lat' dir='ltr'><strong>Latina</strong></span> <span class='ocrx_word' id='word_1_162' title='bbox 2704 1526 2779 1569; x_wconf 81' lang='lat' dir='ltr'><strong>bic</strong></span> <span class='ocrx_word' id='word_1_163' title='bbox 2834 1526 3181 1584; x_wconf 72' lang='lat' dir='ltr'><strong>epigrammata</strong></span> 
     </span>
     <span class='ocr_line' id='line_1_17' title="bbox 641 1592 3178 1654; baseline 0 -15"><span class='ocrx_word' id='word_1_164' title='bbox 641 1595 878 1651; x_wconf 77' lang='lat' dir='ltr'><strong>&#39;recitat3</strong></span> <span class='ocrx_word' id='word_1_165' title='bbox 942 1592 1130 1637; x_wconf 77' lang='lat' dir='ltr'><strong>Graeca</strong></span> <span class='ocrx_word' id='word_1_166' title='bbox 1180 1593 1248 1639; x_wconf 87' lang='lat' dir='ltr'><strong>illi</strong></span> <span class='ocrx_word' id='word_1_167' title='bbox 1298 1600 1603 1641; x_wconf 85' lang='lat' dir='ltr'><strong>monumento</strong></span> <span class='ocrx_word' id='word_1_168' title='bbox 1650 1609 1739 1639; x_wconf 89' lang='lat' dir='ltr'><strong>suo</strong></span> <span class='ocrx_word' id='word_1_169' title='bbox 1791 1596 2038 1639; x_wconf 85' lang='lat' dir='ltr'><strong>incidenda</strong></span> <span class='ocrx_word' id='word_1_170' title='bbox 2085 1601 2265 1640; x_wconf 88' lang='lat' dir='ltr'><strong>curat.·</strong></span> <span class='ocrx_word' id='word_1_171' title='bbox 2324 1595 2681 1654; x_wconf 62' lang='lat' dir='ltr'><strong>Numquaennm¹</strong></span> <span class='ocrx_word' id='word_1_172' title='bbox 2728 1596 2773 1639; x_wconf 90' lang='lat' dir='ltr'><strong>in</strong></span> <span class='ocrx_word' id='word_1_173' title='bbox 2830 1595 2904 1639; x_wconf 83' lang='lat' dir='ltr'><strong>his</strong></span> <span class='ocrx_word' id='word_1_174' title='bbox 2954 1595 3178 1639; x_wconf 79' lang='lat' dir='ltr'><strong>omnibus</strong></span> 
     </span>
     <span class='ocr_line' id='line_1_18' title="bbox 674 1654 3177 1722; baseline -0.001 -12"><span class='ocrx_word' id='word_1_175' title='bbox 674 1664 1005 1710; x_wconf 77' lang='lat' dir='ltr'><strong>convenientia</strong></span> <span class='ocrx_word' id='word_1_176' title='bbox 1053 1668 1101 1707; x_wconf 89' lang='lat' dir='ltr'><strong>et</strong></span> <span class='ocrx_word' id='word_1_177' title='bbox 1148 1662 1481 1720; x_wconf 72' lang='lat' dir='ltr'><strong>conspiratio?</strong></span> <span class='ocrx_word' id='word_1_178' title='bbox 1552 1664 1925 1722; x_wconf 73' lang='lat' dir='ltr'><strong>Numquisnam,</strong></span> <span class='ocrx_word' id='word_1_179' title='bbox 1991 1671 2100 1709; x_wconf 87' lang='lat' dir='ltr'><strong>tunc</strong></span> <span class='ocrx_word' id='word_1_180' title='bbox 2137 1667 2367 1722; x_wconf 87' lang='lat' dir='ltr'><strong>temporis</strong></span> <span class='ocrx_word' id='word_1_181' title='bbox 2404 1654 2729 1711; x_wconf 72' lang='lat' dir='ltr'><strong>Romanorum</strong></span> <span class='ocrx_word' id='word_1_182' title='bbox 2766 1667 2813 1710; x_wconf 90' lang='lat' dir='ltr'><strong>in</strong></span> <span class='ocrx_word' id='word_1_183' title='bbox 2850 1664 2909 1708; x_wconf 91' lang='lat' dir='ltr'><strong>C.</strong></span> <span class='ocrx_word' id='word_1_184' title='bbox 2942 1665 3177 1719; x_wconf 82' lang='lat' dir='ltr'><strong>Pompeio</strong></span> 
     </span>
     <span class='ocr_line' id='line_1_19' title="bbox 672 1731 3179 1794; baseline 0 -16"><span class='ocrx_word' id='word_1_185' title='bbox 672 1734 1029 1779; x_wconf 79' lang='lat' dir='ltr'><strong>Trimalchione</strong></span> <span class='ocrx_word' id='word_1_186' title='bbox 1078 1733 1293 1779; x_wconf 82' lang='lat' dir='ltr'><strong>Petronii</strong></span> <span class='ocrx_word' id='word_1_187' title='bbox 1342 1736 1615 1794; x_wconf 74' lang='lat' dir='ltr'><strong>agnovisset</strong></span> <span class='ocrx_word' id='word_1_188' title='bbox 1663 1737 1732 1779; x_wconf 84' lang='grc' dir='ltr'><strong>Μ.</strong></span> <span class='ocrx_word' id='word_1_189' title='bbox 1774 1735 2034 1779; x_wconf 79' lang='lat' dir='ltr'><strong>Antonium</strong></span> <span class='ocrx_word' id='word_1_190' title='bbox 2068 1735 2333 1791; x_wconf 82' lang='lat' dir='ltr'><strong>Encolpum</strong></span> <span class='ocrx_word' id='word_1_191' title='bbox 2384 1739 2431 1781; x_wconf 93' lang='lat' dir='ltr'><strong>in</strong></span> <span class='ocrx_word' id='word_1_192' title='bbox 2486 1738 2561 1780; x_wconf 78' lang='lat' dir='ltr'><strong>via</strong></span> <span class='ocrx_word' id='word_1_193' title='bbox 2610 1736 2809 1780; x_wconf 74' lang='lat' dir='ltr'><strong>Aurelia</strong></span> <span class='ocrx_word' id='word_1_194' title='bbox 2857 1731 3179 1783; x_wconf 78' lang='lat' dir='ltr'><strong>tumulatum?</strong></span> 
     </span>
     <span class='ocr_line' id='line_1_20' title="bbox 675 1803 3177 1869; baseline -0.002 -18"><span class='ocrx_word' id='word_1_195' title='bbox 675 1805 819 1851; x_wconf 86' lang='lat' dir='ltr'><strong>Casui</strong></span> <span class='ocrx_word' id='word_1_196' title='bbox 858 1805 1007 1864; x_wconf 67' lang='lat' dir='ltr'><strong>igilur</strong></span> <span class='ocrx_word' id='word_1_197' title='bbox 1042 1803 1163 1847; x_wconf 80' lang='lat' dir='ltr'><strong>levis</strong></span> <span class='ocrx_word' id='word_1_198' title='bbox 1201 1806 1291 1849; x_wconf 82' lang='lat' dir='ltr'><strong>ista</strong></span> <span class='ocrx_word' id='word_1_199' title='bbox 1326 1806 1587 1851; x_wconf 72' lang='lat' dir='ltr'><strong>similitudo</strong></span> <span class='ocrx_word' id='word_1_200' title='bbox 1614 1807 1858 1850; x_wconf 86' lang='lat' dir='ltr'><strong>nominum</strong></span> <span class='ocrx_word' id='word_1_201' title='bbox 1894 1806 2079 1862; x_wconf 82' lang='lat' dir='ltr'><strong>aliquot</strong></span> <span class='ocrx_word' id='word_1_202' title='bbox 2114 1806 2366 1850; x_wconf 82' lang='lat' dir='ltr'><strong>admodum</strong></span> <span class='ocrx_word' id='word_1_203' title='bbox 2409 1807 2675 1869; x_wconf 70' lang='lat' dir='ltr'><strong>vulgarium</strong></span> <span class='ocrx_word' id='word_1_204' title='bbox 2712 1805 2943 1861; x_wconf 76' lang='lat' dir='ltr'><strong>Encolpi,</strong></span> <span class='ocrx_word' id='word_1_205' title='bbox 2999 1805 3177 1850; x_wconf 76' lang='lat' dir='ltr'><strong>Fortu-</strong></span> 
     </span>
     <span class='ocr_line' id='line_1_21' title="bbox 672 1870 3178 1935; baseline -0.001 -16"><span class='ocrx_word' id='word_1_206' title='bbox 672 1879 843 1929; x_wconf 85' lang='lat' dir='ltr'><strong>natae,</strong></span> <span class='ocrx_word' id='word_1_207' title='bbox 894 1872 1125 1929; x_wconf 77' lang='lat' dir='ltr'><strong>Apelletis</strong></span> <span class='ocrx_word' id='word_1_208' title='bbox 1164 1876 1413 1920; x_wconf 87' lang='lat' dir='ltr'><strong>tribuenda</strong></span> <span class='ocrx_word' id='word_1_209' title='bbox 1451 1876 1573 1935; x_wconf 78' lang='lat' dir='ltr'><strong>erit3</strong></span> <span class='ocrx_word' id='word_1_210' title='bbox 1637 1890 1724 1920; x_wconf 89' lang='lat' dir='ltr'><strong>nec</strong></span> <span class='ocrx_word' id='word_1_211' title='bbox 1760 1875 2014 1933; x_wconf 88' lang='lat' dir='ltr'><strong>quidquam</strong></span> <span class='ocrx_word' id='word_1_212' title='bbox 2052 1877 2157 1921; x_wconf 90' lang='lat' dir='ltr'><strong>inde</strong></span> <span class='ocrx_word' id='word_1_213' title='bbox 2195 1878 2428 1922; x_wconf 87' lang='lat' dir='ltr'><strong>reconditi</strong></span> <span class='ocrx_word' id='word_1_214' title='bbox 2465 1882 2514 1920; x_wconf 89' lang='lat' dir='ltr'><strong>et</strong></span> <span class='ocrx_word' id='word_1_215' title='bbox 2549 1876 2721 1923; x_wconf 81' lang='lat' dir='ltr'><strong>occulti</strong></span> <span class='ocrx_word' id='word_1_216' title='bbox 2760 1870 2994 1929; x_wconf 78' lang='lat' dir='ltr'><strong>expiscari</strong></span> <span class='ocrx_word' id='word_1_217' title='bbox 3030 1874 3178 1918; x_wconf 83' lang='lat' dir='ltr'><strong>debe·</strong></span> 
     </span>
     <span class='ocr_line' id='line_1_22' title="bbox 673 1942 3177 2004; baseline -0.001 -15"><span class='ocrx_word' id='word_1_218' title='bbox 673 1958 799 1989; x_wconf 87' lang='lat' dir='ltr'><strong>mus.</strong></span> <span class='ocrx_word' id='word_1_219' title='bbox 876 1942 1040 2000; x_wconf 82' lang='lat' dir='ltr'><strong>Neque</strong></span> <span class='ocrx_word' id='word_1_220' title='bbox 1095 1957 1213 1989; x_wconf 80' lang='lat' dir='ltr'><strong>vero</strong></span> <span class='ocrx_word' id='word_1_221' title='bbox 1267 1945 1525 1990; x_wconf 70' lang='lat' dir='ltr'><strong>Petronius</strong></span> <span class='ocrx_word' id='word_1_222' title='bbox 1579 1958 1741 1989; x_wconf 89' lang='lat' dir='ltr'><strong>mores</strong></span> <span class='ocrx_word' id='word_1_223' title='bbox 1797 1951 1895 1989; x_wconf 85' lang='lat' dir='ltr'><strong>tum</strong></span> <span class='ocrx_word' id='word_1_224' title='bbox 1947 1943 2213 2004; x_wconf 71' lang='lat' dir='ltr'><strong>flagitiose,</strong></span> <span class='ocrx_word' id='word_1_225' title='bbox 2284 1951 2383 1991; x_wconf 89' lang='lat' dir='ltr'><strong>tum</strong></span> <span class='ocrx_word' id='word_1_226' title='bbox 2436 1947 2638 1991; x_wconf 82' lang='lat' dir='ltr'><strong>ridicule</strong></span> <span class='ocrx_word' id='word_1_227' title='bbox 2666 1950 2946 2001; x_wconf 85' lang='lat' dir='ltr'><strong>·corrnptos</strong></span> <span class='ocrx_word' id='word_1_228' title='bbox 2998 1944 3177 1988; x_wconf 78' lang='lat' dir='ltr'><strong>Roma-</strong></span> 
     </span>
     <span class='ocr_line' id='line_1_23' title="bbox 675 2010 3179 2073; baseline -0.001 -14"><span class='ocrx_word' id='word_1_229' title='bbox 675 2027 848 2059; x_wconf 86' lang='lat' dir='ltr'><strong>norum</strong></span> <span class='ocrx_word' id='word_1_230' title='bbox 899 2013 1226 2068; x_wconf 70' lang='lat' dir='ltr'><strong>descripturus</strong></span> <span class='ocrx_word' id='word_1_231' title='bbox 1274 2028 1470 2061; x_wconf 83' lang='lat' dir='ltr'><strong>necesse</strong></span> <span class='ocrx_word' id='word_1_232' title='bbox 1520 2015 1758 2069; x_wconf 84' lang='lat' dir='ltr'><strong>habebat,</strong></span> <span class='ocrx_word' id='word_1_233' title='bbox 1822 2020 1873 2058; x_wconf 88' lang='lat' dir='ltr'><strong>ut</strong></span> <span class='ocrx_word' id='word_1_234' title='bbox 1919 2029 2063 2060; x_wconf 85' lang='lat' dir='ltr'><strong>unum</strong></span> <span class='ocrx_word' id='word_1_235' title='bbox 2111 2016 2318 2073; x_wconf 83' lang='lat' dir='ltr'><strong>aliquem</strong></span> <span class='ocrx_word' id='word_1_236' title='bbox 2372 2010 2768 2062; x_wconf 83' lang='lat' dir='ltr'><strong>obscurissimum</strong></span> <span class='ocrx_word' id='word_1_237' title='bbox 2817 2020 2974 2060; x_wconf 87' lang='lat' dir='ltr'><strong>terrae</strong></span> <span class='ocrx_word' id='word_1_238' title='bbox 3024 2012 3179 2057; x_wconf 80' lang='lat' dir='ltr'><strong>filium</strong></span> 
     </span>
     <span class='ocr_line' id='line_1_24' title="bbox 674 2083 3239 2143; baseline -0.001 -14"><span class='ocrx_word' id='word_1_239' title='bbox 674 2084 888 2129; x_wconf 85' lang='lat' dir='ltr'><strong>mordaci</strong></span> <span class='ocrx_word' id='word_1_240' title='bbox 936 2083 1047 2127; x_wconf 90' lang='lat' dir='ltr'><strong>stilo</strong></span> <span class='ocrx_word' id='word_1_241' title='bbox 1097 2083 1447 2138; x_wconf 85' lang='lat' dir='ltr'><strong>insectaretur,</strong></span> <span class='ocrx_word' id='word_1_242' title='bbox 1510 2087 1736 2143; x_wconf 85' lang='lat' dir='ltr'><strong>quoniam</strong></span> <span class='ocrx_word' id='word_1_243' title='bbox 1785 2085 1975 2143; x_wconf 84' lang='lat' dir='ltr'><strong>quidem</strong></span> <span class='ocrx_word' id='word_1_244' title='bbox 2021 2086 2232 2130; x_wconf 82' lang='lat' dir='ltr'><strong>sexcenti</strong></span> <span class='ocrx_word' id='word_1_245' title='bbox 2282 2087 2624 2131; x_wconf 87' lang='lat' dir='ltr'><strong>eiusdemmodi</strong></span> <span class='ocrx_word' id='word_1_246' title='bbox 2676 2085 2908 2131; x_wconf 78' lang='lat' dir='ltr'><strong>homiaes=</strong></span> <span class='ocrx_word' id='word_1_247' title='bbox 2942 2097 3178 2143; x_wconf 79' lang='lat' dir='ltr'><strong>nequam,</strong></span> <span class='ocrx_word' id='word_1_248' title='bbox 3234 2108 3239 2111; x_wconf 26' lang='grc' dir='ltr'><strong>Δ</strong></span> 
     </span>
     <span class='ocr_line' id='line_1_25' title="bbox 674 2151 3225 2212; baseline -0.001 -13"><span class='ocrx_word' id='word_1_249' title='bbox 674 2154 758 2199; x_wconf 87' lang='lat' dir='ltr'><strong>sed</strong></span> <span class='ocrx_word' id='word_1_250' title='bbox 795 2154 1089 2198; x_wconf 86' lang='lat' dir='ltr'><strong>illustriores</strong></span> <span class='ocrx_word' id='word_1_251' title='bbox 1127 2154 1270 2199; x_wconf 84' lang='lat' dir='ltr'><strong>etiam</strong></span> <span class='ocrx_word' id='word_1_252' title='bbox 1305 2169 1359 2199; x_wconf 93' lang='lat' dir='ltr'><strong>ac</strong></span> <span class='ocrx_word' id='word_1_253' title='bbox 1397 2155 1704 2209; x_wconf 81' lang='lat' dir='ltr'><strong>stolidiores,</strong></span> <span class='ocrx_word' id='word_1_254' title='bbox 1769 2155 1977 2212; x_wconf 91' lang='lat' dir='ltr'><strong>quotidie</strong></span> <span class='ocrx_word' id='word_1_255' title='bbox 2025 2161 2132 2200; x_wconf 83' lang='lat' dir='ltr'><strong>aute</strong></span> <span class='ocrx_word' id='word_1_256' title='bbox 2181 2157 2348 2200; x_wconf 87' lang='lat' dir='ltr'><strong>oculos</strong></span> <span class='ocrx_word' id='word_1_257' title='bbox 2397 2156 2439 2201; x_wconf 92' lang='lat' dir='ltr'><strong>ei</strong></span> <span class='ocrx_word' id='word_1_258' title='bbox 2477 2156 2809 2211; x_wconf 74' lang='lat' dir='ltr'><strong>versabantur.</strong></span> <span class='ocrx_word' id='word_1_259' title='bbox 2921 2151 2971 2207; x_wconf 67' lang='lat'><strong>4)</strong></span> <span class='ocrx_word' id='word_1_260' title='bbox 3029 2151 3180 2198; x_wconf 74' lang='lat' dir='ltr'><strong>Ante·</strong></span> <span class='ocrx_word' id='word_1_261' title='bbox 3218 2172 3225 2175; x_wconf 95' lang='lat'>·</span> 
     </span>
     <span class='ocr_line' id='line_1_26' title="bbox 673 2218 3181 2286; baseline -0 -18"><span class='ocrx_word' id='word_1_262' title='bbox 673 2220 922 2286; x_wconf 75' lang='lat' dir='ltr'><strong>scholarii</strong></span> <span class='ocrx_word' id='word_1_263' title='bbox 961 2218 1232 2283; x_wconf 70' lang='lat' dir='ltr'><strong>Virglnnm</strong></span> <span class='ocrx_word' id='word_1_264' title='bbox 1271 2221 1548 2269; x_wconf 73' lang='lat' dir='ltr'><strong>Vestalium</strong></span> <span class='ocrx_word' id='word_1_265' title='bbox 1592 2225 1707 2269; x_wconf 87' lang='lat' dir='ltr'><strong>alibi</strong></span> <span class='ocrx_word' id='word_1_266' title='bbox 1756 2226 1835 2269; x_wconf 80' lang='lat' dir='ltr'><strong>vix</strong></span> <span class='ocrx_word' id='word_1_267' title='bbox 1878 2231 2234 2280; x_wconf 83' lang='lat' dir='ltr'><strong>memorantur,</strong></span> <span class='ocrx_word' id='word_1_268' title='bbox 2298 2228 2390 2271; x_wconf 85' lang='lat' dir='ltr'><strong>nisi</strong></span> <span class='ocrx_word' id='word_1_269' title='bbox 2438 2228 2562 2285; x_wconf 85' lang='lat' dir='ltr'><strong>quod</strong></span> <span class='ocrx_word' id='word_1_270' title='bbox 2618 2228 2842 2280; x_wconf 83' lang='lat' dir='ltr'><strong>(notante</strong></span> <span class='ocrx_word' id='word_1_271' title='bbox 2880 2223 3181 2276; x_wconf 80' lang='lat' dir='ltr'><strong>Niebuhrio)</strong></span> 
     </span>
     <span class='ocr_line' id='line_1_27' title="bbox 674 2292 3181 2353; baseline -0 -15"><span class='ocrx_word' id='word_1_272' title='bbox 674 2294 800 2338; x_wconf 83' lang='lat' dir='ltr'><strong>miro</strong></span> <span class='ocrx_word' id='word_1_273' title='bbox 837 2294 1010 2337; x_wconf 78' lang='lat' dir='ltr'><strong>iterum</strong></span> <span class='ocrx_word' id='word_1_274' title='bbox 1047 2305 1189 2348; x_wconf 78' lang='lat' dir='ltr'><strong>casu,</strong></span> <span class='ocrx_word' id='word_1_275' title='bbox 1237 2300 1287 2338; x_wconf 91' lang='lat' dir='ltr'><strong>ut</strong></span> <span class='ocrx_word' id='word_1_276' title='bbox 1322 2295 1437 2339; x_wconf 83' lang='lat' dir='ltr'><strong>mihi</strong></span> <span class='ocrx_word' id='word_1_277' title='bbox 1473 2296 1687 2349; x_wconf 74' lang='lat' dir='ltr'><strong>videtur,</strong></span> <span class='ocrx_word' id='word_1_278' title='bbox 1736 2292 2003 2339; x_wconf 74' lang='lat' dir='ltr'><strong>Menelaus</strong></span> <span class='ocrx_word' id='word_1_279' title='bbox 2040 2295 2428 2341; x_wconf 72' lang='lat' dir='ltr'><strong>antescholanus</strong></span> <span class='ocrx_word' id='word_1_280' title='bbox 2462 2296 2704 2353; x_wconf 79' lang='lat' dir='ltr'><strong>reperitur</strong></span> <span class='ocrx_word' id='word_1_281' title='bbox 2740 2296 2861 2351; x_wconf 86' lang='lat' dir='ltr'><strong>apud</strong></span> <span class='ocrx_word' id='word_1_282' title='bbox 2896 2295 3181 2339; x_wconf 77' lang='lat' dir='ltr'><strong>Petronium</strong></span> 
     </span>
     <span class='ocr_line' id='line_1_28' title="bbox 674 2360 3180 2425; baseline -0.001 -17"><span class='ocrx_word' id='word_1_283' title='bbox 674 2363 734 2409; x_wconf 91' lang='lat' dir='ltr'><strong>C.</strong></span> <span class='ocrx_word' id='word_1_284' title='bbox 778 2360 862 2408; x_wconf 85' lang='grc'><strong>81.</strong></span> <span class='ocrx_word' id='word_1_285' title='bbox 937 2363 1108 2410; x_wconf 74' lang='lat' dir='ltr'><strong>Fuisse</strong></span> <span class='ocrx_word' id='word_1_286' title='bbox 1146 2364 1234 2409; x_wconf 83' lang='lat' dir='ltr'><strong>hoc</strong></span> <span class='ocrx_word' id='word_1_287' title='bbox 1272 2365 1529 2424; x_wconf 68' lang='lat' dir='ltr'><strong>collegium</strong></span> <span class='ocrx_word' id='word_1_288' title='bbox 1566 2365 1758 2423; x_wconf 87' lang='lat' dir='ltr'><strong>aliquod</strong></span> <span class='ocrx_word' id='word_1_289' title='bbox 1798 2365 2081 2425; x_wconf 87' lang='lat' dir='ltr'><strong>libertorum</strong></span> <span class='ocrx_word' id='word_1_290' title='bbox 2124 2380 2499 2424; x_wconf 79' lang='lat' dir='ltr'><strong>servorumque,</strong></span> <span class='ocrx_word' id='word_1_291' title='bbox 2557 2379 2763 2424; x_wconf 88' lang='lat' dir='ltr'><strong>quorum</strong></span> <span class='ocrx_word' id='word_1_292' title='bbox 2809 2365 3081 2409; x_wconf 86' lang='lat' dir='ltr'><strong>ministerio</strong></span> <span class='ocrx_word' id='word_1_293' title='bbox 3128 2363 3180 2407; x_wconf 84' lang='lat' dir='ltr'><strong>iu</strong></span> 
     </span>
     <span class='ocr_line' id='line_1_29' title="bbox 675 2422 3180 2496; baseline -0.001 -18"><span class='ocrx_word' id='word_1_294' title='bbox 675 2433 984 2478; x_wconf 87' lang='lat' dir='ltr'><strong>caerimoniis</strong></span> <span class='ocrx_word' id='word_1_295' title='bbox 1021 2434 1121 2478; x_wconf 88' lang='lat' dir='ltr'><strong>suis</strong></span> <span class='ocrx_word' id='word_1_296' title='bbox 1159 2436 1322 2479; x_wconf 88' lang='lat' dir='ltr'><strong>nescio</strong></span> <span class='ocrx_word' id='word_1_297' title='bbox 1365 2437 1602 2493; x_wconf 86' lang='lat' dir='ltr'><strong>quomodo</strong></span> <span class='ocrx_word' id='word_1_298' title='bbox 1653 2422 1898 2479; x_wconf 83' lang='lat' dir='ltr'><strong>uterentur</strong></span> <span class='ocrx_word' id='word_1_299' title='bbox 1933 2436 2158 2496; x_wconf 81' lang='lat' dir='ltr'><strong>Virgines</strong></span> <span class='ocrx_word' id='word_1_300' title='bbox 2194 2438 2442 2490; x_wconf 73' lang='lat' dir='ltr'><strong>Vestales,</strong></span> <span class='ocrx_word' id='word_1_301' title='bbox 2500 2441 2869 2480; x_wconf 84' lang='lat' dir='ltr'><strong>cousentaneum</strong></span> <span class='ocrx_word' id='word_1_302' title='bbox 2919 2439 3010 2478; x_wconf 89' lang='lat' dir='ltr'><strong>est.</strong></span> <span class='ocrx_word' id='word_1_303' title='bbox 3084 2432 3180 2477; x_wconf 80' lang='lat' dir='ltr'><strong>Mi-</strong></span> 
     </span>
     <span class='ocr_line' id='line_1_30' title="bbox 676 2503 3181 2566; baseline -0 -18"><span class='ocrx_word' id='word_1_304' title='bbox 676 2517 782 2548; x_wconf 88' lang='lat' dir='ltr'><strong>rum</strong></span> <span class='ocrx_word' id='word_1_305' title='bbox 829 2508 991 2548; x_wconf 80' lang='lat' dir='ltr'><strong>auteui</strong></span> <span class='ocrx_word' id='word_1_306' title='bbox 1038 2503 1155 2548; x_wconf 85' lang='lat' dir='ltr'><strong>illud</strong></span> <span class='ocrx_word' id='word_1_307' title='bbox 1206 2518 1381 2549; x_wconf 87' lang='lat' dir='ltr'><strong>nomen</strong></span> <span class='ocrx_word' id='word_1_308' title='bbox 1428 2506 1535 2550; x_wconf 89' lang='lat' dir='ltr'><strong>inde</strong></span> <span class='ocrx_word' id='word_1_309' title='bbox 1584 2510 1779 2560; x_wconf 81' lang='lat' dir='ltr'><strong>repeto,</strong></span> <span class='ocrx_word' id='word_1_310' title='bbox 1844 2506 1968 2563; x_wconf 89' lang='lat' dir='ltr'><strong>quod</strong></span> <span class='ocrx_word' id='word_1_311' title='bbox 2017 2507 2136 2549; x_wconf 79' lang='lat' dir='ltr'><strong>viris</strong></span> <span class='ocrx_word' id='word_1_312' title='bbox 2184 2508 2243 2550; x_wconf 86' lang='lat' dir='ltr'><strong>ad</strong></span> <span class='ocrx_word' id='word_1_313' title='bbox 2291 2507 2517 2566; x_wconf 72' lang='lat' dir='ltr'><strong>Virgines</strong></span> <span class='ocrx_word' id='word_1_314' title='bbox 2565 2506 2707 2550; x_wconf 85' lang='lat' dir='ltr'><strong>nimis</strong></span> <span class='ocrx_word' id='word_1_315' title='bbox 2754 2518 2904 2561; x_wconf 80' lang='lat' dir='ltr'><strong>prope</strong></span> <span class='ocrx_word' id='word_1_316' title='bbox 2951 2505 3181 2547; x_wconf 81' lang='lat' dir='ltr'><strong>accedere</strong></span> 
     </span>
    </p>
   </div>
   <div class='ocr_carea' id='block_1_4' title="bbox 674 2561 3183 2703">
    <p class='ocr_par' dir='ltr' id='par_1_4' title="bbox 674 2561 3183 2703">
     <span class='ocr_line' id='line_1_31' title="bbox 675 2561 3181 2636; baseline -0.001 -19"><span class='ocrx_word' id='word_1_317' title='bbox 675 2574 798 2618; x_wconf 76' lang='lat' dir='ltr'><strong>baud</strong></span> <span class='ocrx_word' id='word_1_318' title='bbox 837 2574 1022 2618; x_wconf 86' lang='lat' dir='ltr'><strong>liceret.</strong></span> <span class='ocrx_word' id='word_1_319' title='bbox 1096 2574 1304 2619; x_wconf 85' lang='lat' dir='ltr'><strong>Coibant</strong></span> <span class='ocrx_word' id='word_1_320' title='bbox 1337 2576 1486 2634; x_wconf 70' lang='lat' dir='ltr'><strong>igitur</strong></span> <span class='ocrx_word' id='word_1_321' title='bbox 1520 2561 1592 2620; x_wconf 76' lang='lat' dir='ltr'><strong>vel</strong></span> <span class='ocrx_word' id='word_1_322' title='bbox 1631 2580 1747 2622; x_wconf 77' lang='lat' dir='ltr'><strong>ante</strong></span> <span class='ocrx_word' id='word_1_323' title='bbox 1783 2575 1996 2619; x_wconf 85' lang='lat' dir='ltr'><strong>scholam</strong></span> <span class='ocrx_word' id='word_1_324' title='bbox 2030 2576 2286 2636; x_wconf 68' lang='lat' dir='ltr'><strong>virginum</strong></span> <span class='ocrx_word' id='word_1_325' title='bbox 2321 2590 2564 2632; x_wconf 75' lang='lat' dir='ltr'><strong>ipsarum,</strong></span> <span class='ocrx_word' id='word_1_326' title='bbox 2613 2577 2685 2619; x_wconf 84' lang='lat' dir='ltr'><strong>vel</strong></span> <span class='ocrx_word' id='word_1_327' title='bbox 2725 2576 2770 2621; x_wconf 89' lang='lat' dir='ltr'><strong>in</strong></span> <span class='ocrx_word' id='word_1_328' title='bbox 2809 2572 3027 2620; x_wconf 83' lang='lat' dir='ltr'><strong>aedificio</strong></span> <span class='ocrx_word' id='word_1_329' title='bbox 3063 2578 3181 2616; x_wconf 71' lang='lat' dir='ltr'><strong>ants</strong></span> 
     </span>
     <span class='ocr_line' id='line_1_32' title="bbox 674 2641 3183 2703; baseline -0.002 -14"><span class='ocrx_word' id='word_1_330' title='bbox 674 2645 852 2689; x_wconf 77' lang='lat' dir='ltr'><strong>Vestae</strong></span> <span class='ocrx_word' id='word_1_331' title='bbox 887 2644 1115 2698; x_wconf 85' lang='lat' dir='ltr'><strong>templum</strong></span> <span class='ocrx_word' id='word_1_332' title='bbox 1153 2650 1418 2690; x_wconf 80' lang='lat' dir='ltr'><strong>exstructo.</strong></span> <span class='ocrx_word' id='word_1_333' title='bbox 1509 2641 1560 2700; x_wconf 82' lang='lat'><strong>5)</strong></span> <span class='ocrx_word' id='word_1_334' title='bbox 1595 2644 1901 2690; x_wconf 77' lang='lat' dir='ltr'><strong>PROPTER</strong></span> <span class='ocrx_word' id='word_1_335' title='bbox 1937 2646 2066 2691; x_wconf 79' lang='lat' dir='ltr'><strong>Mur.</strong></span> <span class='ocrx_word' id='word_1_336' title='bbox 2157 2644 2207 2703; x_wconf 88' lang='grc'><strong>6)</strong></span> <span class='ocrx_word' id='word_1_337' title='bbox 2244 2646 2309 2691; x_wconf 84' lang='lat' dir='ltr'><strong>IN</strong></span> <span class='ocrx_word' id='word_1_338' title='bbox 2347 2647 2490 2691; x_wconf 77' lang='lat' dir='ltr'><strong>TAM</strong></span> <span class='ocrx_word' id='word_1_339' title='bbox 2528 2644 2756 2691; x_wconf 75' lang='lat' dir='ltr'><strong>MAGNA</strong></span> <span class='ocrx_word' id='word_1_340' title='bbox 2795 2646 2926 2689; x_wconf 81' lang='lat' dir='ltr'><strong>Mur.</strong></span> <span class='ocrx_word' id='word_1_341' title='bbox 3005 2641 3054 2696; x_wconf 88' lang='grc'><strong>7)</strong></span> <span class='ocrx_word' id='word_1_342' title='bbox 3092 2643 3183 2686; x_wconf 78' lang='lat' dir='ltr'><strong>Est</strong></span> 
     </span>
    </p>
   </div>
   <div class='ocr_carea' id='block_1_5' title="bbox 675 2711 3182 2848">
    <p class='ocr_par' dir='ltr' id='par_1_5' title="bbox 675 2711 3182 2848">
     <span class='ocr_line' id='line_1_33' title="bbox 675 2711 3181 2774; baseline -0.002 -14"><span class='ocrx_word' id='word_1_343' title='bbox 675 2715 724 2760; x_wconf 89' lang='lat' dir='ltr'><strong>in</strong></span> <span class='ocrx_word' id='word_1_344' title='bbox 759 2713 1051 2773; x_wconf 73' lang='lat' dir='ltr'><strong>Anthologia</strong></span> <span class='ocrx_word' id='word_1_345' title='bbox 1084 2713 1322 2761; x_wconf 75' lang='lat' dir='ltr'><strong>Palatina</strong></span> <span class='ocrx_word' id='word_1_346' title='bbox 1357 2717 1420 2761; x_wconf 99' lang='grc' dir='ltr'><strong>Τ.</strong></span> <span class='ocrx_word' id='word_1_347' title='bbox 1450 2713 1499 2762; x_wconf 94' lang='grc'><strong>2.</strong></span> <span class='ocrx_word' id='word_1_348' title='bbox 1540 2729 1587 2772; x_wconf 87' lang='lat' dir='ltr'><strong>p.</strong></span> <span class='ocrx_word' id='word_1_349' title='bbox 1617 2712 1746 2771; x_wconf 83' lang='lat'><strong>831,</strong></span> <span class='ocrx_word' id='word_1_350' title='bbox 1790 2711 1908 2761; x_wconf 84' lang='lat'><strong>236.</strong></span> <span class='ocrx_word' id='word_1_351' title='bbox 1985 2713 2036 2770; x_wconf 87' lang='grc'><strong>8)</strong></span> <span class='ocrx_word' id='word_1_352' title='bbox 2073 2716 2196 2763; x_wconf 90' lang='lat' dir='ltr'><strong>Ibid.</strong></span> <span class='ocrx_word' id='word_1_353' title='bbox 2236 2717 2298 2762; x_wconf 89' lang='lat' dir='ltr'><strong>T.</strong></span> <span class='ocrx_word' id='word_1_354' title='bbox 2329 2714 2378 2763; x_wconf 87' lang='grc'><strong>2.</strong></span> <span class='ocrx_word' id='word_1_355' title='bbox 2420 2731 2466 2774; x_wconf 88' lang='lat' dir='ltr'><strong>p.</strong></span> <span class='ocrx_word' id='word_1_356' title='bbox 2499 2712 2627 2771; x_wconf 79' lang='lat'><strong>321,</strong></span> <span class='ocrx_word' id='word_1_357' title='bbox 2669 2714 2718 2762; x_wconf 88' lang='grc'><strong>8.</strong></span> <span class='ocrx_word' id='word_1_358' title='bbox 2806 2713 2856 2771; x_wconf 87' lang='grc'><strong>9)</strong></span> <span class='ocrx_word' id='word_1_359' title='bbox 2892 2715 3181 2759; x_wconf 77' lang='lat' dir='ltr'><strong>Postremus</strong></span> 
     </span>
     <span class='ocr_line' id='line_1_34' title="bbox 676 2786 3182 2848; baseline -0 -19"><span class='ocrx_word' id='word_1_360' title='bbox 676 2787 797 2829; x_wconf 87' lang='lat' dir='ltr'><strong>duos</strong></span> <span class='ocrx_word' id='word_1_361' title='bbox 845 2798 1045 2840; x_wconf 76' lang='lat' dir='ltr'><strong>versus,</strong></span> <span class='ocrx_word' id='word_1_362' title='bbox 1102 2792 1329 2845; x_wconf 84' lang='lat' dir='ltr'><strong>quantum</strong></span> <span class='ocrx_word' id='word_1_363' title='bbox 1375 2787 1502 2840; x_wconf 75' lang='lat' dir='ltr'><strong>vidi,</strong></span> <span class='ocrx_word' id='word_1_364' title='bbox 1559 2801 1699 2831; x_wconf 84' lang='lat' dir='ltr'><strong>nemo</strong></span> <span class='ocrx_word' id='word_1_365' title='bbox 1747 2788 1795 2830; x_wconf 90' lang='lat' dir='ltr'><strong>in</strong></span> <span class='ocrx_word' id='word_1_366' title='bbox 1832 2786 2145 2848; x_wconf 74' lang='lat' dir='ltr'><strong>Anthologias</strong></span> <span class='ocrx_word' id='word_1_367' title='bbox 2186 2789 2403 2844; x_wconf 86' lang='lat' dir='ltr'><strong>recipere</strong></span> <span class='ocrx_word' id='word_1_368' title='bbox 2440 2788 2658 2847; x_wconf 76' lang='lat' dir='ltr'><strong>diguatus</strong></span> <span class='ocrx_word' id='word_1_369' title='bbox 2695 2791 2784 2832; x_wconf 83' lang='lat' dir='ltr'><strong>est.</strong></span> <span class='ocrx_word' id='word_1_370' title='bbox 2857 2786 3066 2831; x_wconf 77' lang='lat' dir='ltr'><strong>Vltimus</strong></span> <span class='ocrx_word' id='word_1_371' title='bbox 3105 2789 3182 2828; x_wconf 81' lang='lat' dir='ltr'><strong>est</strong></span> 
     </span>
    </p>
   </div>
   <div class='ocr_carea' id='block_1_6' title="bbox 676 2857 3180 2979">
    <p class='ocr_par' dir='ltr' id='par_1_6' title="bbox 676 2857 3180 2979">
     <span class='ocr_line' id='line_1_35' title="bbox 676 2857 3180 2930; baseline -0.002 -24"><span class='ocrx_word' id='word_1_372' title='bbox 676 2868 984 2918; x_wconf 81' lang='lat' dir='ltr'><strong>corruptus:-</strong></span> <span class='ocrx_word' id='word_1_373' title='bbox 1007 2877 1094 2907; x_wconf 90' lang='lat' dir='ltr'><strong>nec</strong></span> <span class='ocrx_word' id='word_1_374' title='bbox 1130 2864 1274 2908; x_wconf 86' lang='lat' dir='ltr'><strong>nimis</strong></span> <span class='ocrx_word' id='word_1_375' title='bbox 1310 2868 1421 2919; x_wconf 84' lang='lat' dir='ltr'><strong>apta</strong></span> <span class='ocrx_word' id='word_1_376' title='bbox 1458 2865 1692 2909; x_wconf 84' lang='lat' dir='ltr'><strong>sententia</strong></span> <span class='ocrx_word' id='word_1_377' title='bbox 1727 2865 2033 2924; x_wconf 78' lang='lat' dir='ltr'><strong>corrigeres:</strong></span> <span class='ocrx_word' id='word_1_378' title='bbox 2098 2860 2852 2930; x_wconf 74' lang='lat' dir='ltr'><strong>EIIIL&#39;IIOTOI&#39;KJIMIIN.</strong></span> <span class='ocrx_word' id='word_1_379' title='bbox 2946 2857 3029 2916; x_wconf 91' lang='grc'><strong>10)</strong></span> <span class='ocrx_word' id='word_1_380' title='bbox 3068 2858 3180 2904; x_wconf 80' lang='lat' dir='ltr'><strong>huic</strong></span> 
     </span>
     <span class='ocr_line' id='line_1_36' title="bbox 678 2933 1570 2979; baseline 0.002 -4"><span class='ocrx_word' id='word_1_381' title='bbox 678 2937 985 2978; x_wconf 84' lang='lat' dir='ltr'><strong>monumento</strong></span> <span class='ocrx_word' id='word_1_382' title='bbox 1021 2934 1159 2978; x_wconf 84' lang='lat' dir='ltr'><strong>dolus</strong></span> <span class='ocrx_word' id='word_1_383' title='bbox 1195 2935 1350 2977; x_wconf 89' lang='lat' dir='ltr'><strong>malus</strong></span> <span class='ocrx_word' id='word_1_384' title='bbox 1385 2933 1570 2979; x_wconf 86' lang='lat' dir='ltr'><strong>abesto.</strong></span> 
     </span>
    </p>
   </div>
   <div class='ocr_carea' id='block_1_7' title="bbox 676 3009 3186 3391">
    <p class='ocr_par' dir='ltr' id='par_1_7' title="bbox 676 3009 3186 3391">
     <span class='ocr_line' id='line_1_37' title="bbox 831 3009 3179 3093; baseline -0.003 -3"><span class='ocrx_word' id='word_1_385' title='bbox 831 3032 1517 3093; x_wconf 82' lang='lat' dir='ltr'><strong>1176.M.AVF1D10</strong></span> <span class='ocrx_word' id='word_1_386' title='bbox 1558 3033 1978 3092; x_wconf 80' lang='lat' dir='ltr'><strong>FRONTONI</strong></span> <span class='ocrx_word' id='word_1_387' title='bbox 2024 3038 2050 3092; x_wconf 95' lang='lat' dir='ltr'><strong>ll</strong></span> <span class='ocrx_word' id='word_1_388' title='bbox 2108 3032 2575 3091; x_wconf 86' lang='lat' dir='ltr'><strong>PRONEPOTI</strong></span> <span class='ocrx_word' id='word_1_389' title='bbox 2615 3031 2701 3089; x_wconf 89' lang='lat' dir='ltr'><strong>M.</strong></span> <span class='ocrx_word' id='word_1_390' title='bbox 2744 3009 3179 3089; x_wconf 73' lang='lat' dir='ltr'><strong>CORNELIn</strong></span> 
     </span>
     <span class='ocr_line' id='line_1_38' title="bbox 677 3121 3186 3203; baseline -0.001 -21"><span class='ocrx_word' id='word_1_391' title='bbox 677 3124 1145 3184; x_wconf 80' lang='lat' dir='ltr'><strong>FRONTONIS</strong></span> <span class='ocrx_word' id='word_1_392' title='bbox 1188 3125 1600 3185; x_wconf 86' lang='lat' dir='ltr'><strong>ORATORIS</strong></span> <span class='ocrx_word' id='word_1_393' title='bbox 1655 3126 2053 3186; x_wconf 88' lang='lat' dir='ltr'><strong>CONSVLIS</strong></span> <span class='ocrx_word' id='word_1_394' title='bbox 2082 3126 2131 3203; x_wconf 84' lang='lat'><strong>¹)</strong></span> <span class='ocrx_word' id='word_1_395' title='bbox 2184 3124 2585 3184; x_wconf 81' lang='lat' dir='ltr'><strong>MAGISTRI</strong></span> <span class='ocrx_word' id='word_1_396' title='bbox 2641 3127 2665 3184; x_wconf 88' lang='lat' dir='ltr'><strong>ll</strong></span> <span class='ocrx_word' id='word_1_397' title='bbox 2722 3121 3186 3182; x_wconf 85' lang='lat' dir='ltr'><strong>IMPERATO-</strong></span> 
     </span>
     <span class='ocr_line' id='line_1_39' title="bbox 677 3201 3181 3280; baseline -0.001 -4"><span class='ocrx_word' id='word_1_398' title='bbox 677 3218 851 3277; x_wconf 82' lang='lat' dir='ltr'><strong>RVM</strong></span> <span class='ocrx_word' id='word_1_399' title='bbox 901 3201 1096 3277; x_wconf 81' lang='lat' dir='ltr'><strong>LVCI</strong></span> <span class='ocrx_word' id='word_1_400' title='bbox 1149 3220 1256 3277; x_wconf 88' lang='lat' dir='ltr'><strong>ET</strong></span> <span class='ocrx_word' id='word_1_401' title='bbox 1307 3221 1712 3279; x_wconf 88' lang='lat' dir='ltr'><strong>ANTONINI</strong></span> <span class='ocrx_word' id='word_1_402' title='bbox 1768 3222 1792 3280; x_wconf 90' lang='lat' dir='ltr'><strong>ll</strong></span> <span class='ocrx_word' id='word_1_403' title='bbox 1848 3220 2201 3279; x_wconf 85' lang='lat' dir='ltr'><strong>NEPOTIS</strong></span> <span class='ocrx_word' id='word_1_404' title='bbox 2253 3222 2278 3279; x_wconf 89' lang='lat' dir='ltr'><strong>ll</strong></span> <span class='ocrx_word' id='word_1_405' title='bbox 2334 3201 2640 3277; x_wconf 82' lang='lat' dir='ltr'><strong>AVFIDI.</strong></span> <span class='ocrx_word' id='word_1_406' title='bbox 2685 3218 2817 3277; x_wconf 89' lang='lat' dir='ltr'><strong>VIC</strong></span> <span class='ocrx_word' id='word_1_407' title='bbox 2823 3216 3106 3276; x_wconf 86' lang='lat' dir='ltr'><strong>TORINI</strong></span> <span class='ocrx_word' id='word_1_408' title='bbox 3151 3218 3181 3274; x_wconf 88' lang='lat' dir='ltr'><strong>ll</strong></span> 
     </span>
     <span class='ocr_line' id='line_1_40' title="bbox 676 3308 3181 3391; baseline -0.002 -20"><span class='ocrx_word' id='word_1_409' title='bbox 676 3313 1130 3371; x_wconf 85' lang='lat' dir='ltr'><strong>PRAEFECTI</strong></span> <span class='ocrx_word' id='word_1_410' title='bbox 1162 3313 1372 3372; x_wconf 81' lang='lat' dir='ltr'><strong>VRBI.</strong></span> <span class='ocrx_word' id='word_1_411' title='bbox 1416 3314 1544 3373; x_wconf 89' lang='lat' dir='ltr'><strong>BIS</strong></span> <span class='ocrx_word' id='word_1_412' title='bbox 1587 3314 2049 3391; x_wconf 80' lang='lat' dir='ltr'><strong>CONSVL1S2)</strong></span> <span class='ocrx_word' id='word_1_413' title='bbox 2089 3312 2420 3373; x_wconf 86' lang='lat' dir='ltr'><strong>FRONTO</strong></span> <span class='ocrx_word' id='word_1_414' title='bbox 2464 3313 2845 3387; x_wconf 83' lang='lat' dir='ltr'><strong>CONSVL³)</strong></span> <span class='ocrx_word' id='word_1_415' title='bbox 2890 3313 2914 3370; x_wconf 91' lang='lat' dir='ltr'><strong>ll</strong></span> <span class='ocrx_word' id='word_1_416' title='bbox 2958 3308 3181 3368; x_wconf 87' lang='lat' dir='ltr'>FILIO</span> 
     </span>
    </p>
   </div>
   <div class='ocr_carea' id='block_1_8' title="bbox 676 3403 3179 3486">
    <p class='ocr_par' dir='ltr' id='par_1_8' title="bbox 676 3403 3179 3486">
     <span class='ocr_line' id='line_1_41' title="bbox 676 3403 3179 3486; baseline -0.001 -23"><span class='ocrx_word' id='word_1_417' title='bbox 676 3407 1194 3466; x_wconf 86' lang='lat' dir='ltr'><strong>DVLCISSIMO.</strong></span> <span class='ocrx_word' id='word_1_418' title='bbox 1244 3440 1307 3451; x_wconf 95' lang='lat'>—</span> <span class='ocrx_word' id='word_1_419' title='bbox 1389 3410 1649 3467; x_wconf 82' lang='lat' dir='ltr'><strong>Pisauri.</strong></span> <span class='ocrx_word' id='word_1_420' title='bbox 1708 3409 1910 3486; x_wconf 88' lang='lat' dir='ltr'><strong>(Grut.</strong></span> <span class='ocrx_word' id='word_1_421' title='bbox 1942 3429 2004 3486; x_wconf 85' lang='lat' dir='ltr'><strong>p.</strong></span> <span class='ocrx_word' id='word_1_422' title='bbox 2030 3413 2161 3477; x_wconf 83' lang='lat'><strong>569,</strong></span> <span class='ocrx_word' id='word_1_423' title='bbox 2194 3408 2280 3484; x_wconf 83' lang='lat'><strong>2.)</strong></span> <span class='ocrx_word' id='word_1_424' title='bbox 2334 3409 2549 3467; x_wconf 77' lang='lat' dir='ltr'><strong>Marm.</strong></span> <span class='ocrx_word' id='word_1_425' title='bbox 2582 3409 2705 3465; x_wconf 83' lang='lat' dir='ltr'><strong>Pis.</strong></span> <span class='ocrx_word' id='word_1_426' title='bbox 2737 3426 2797 3482; x_wconf 88' lang='lat' dir='ltr'><strong>p.</strong></span> <span class='ocrx_word' id='word_1_427' title='bbox 2824 3403 2916 3466; x_wconf 81' lang='lat'><strong>50.</strong></span> <span class='ocrx_word' id='word_1_428' title='bbox 2946 3403 3179 3461; x_wconf 86' lang='lat' dir='ltr'><strong>LXIX.</strong></span> 
     </span>
    </p>
   </div>
   <div class='ocr_carea' id='block_1_9' title="bbox 676 3505 3183 3636">
    <p class='ocr_par' dir='ltr' id='par_1_9' title="bbox 676 3505 3183 3636">
     <span class='ocr_line' id='line_1_42' title="bbox 750 3505 3183 3570; baseline -0 -18"><span class='ocrx_word' id='word_1_429' title='bbox 750 3506 800 3565; x_wconf 84' lang='lat'><strong>1)</strong></span> <span class='ocrx_word' id='word_1_430' title='bbox 855 3523 905 3554; x_wconf 91' lang='grc' dir='ltr'><strong>ιι.</strong></span> <span class='ocrx_word' id='word_1_431' title='bbox 946 3523 990 3554; x_wconf 94' lang='lat' dir='ltr'><strong>c.</strong></span> <span class='ocrx_word' id='word_1_432' title='bbox 1033 3507 1153 3556; x_wconf 82' lang='grc'><strong>896.</strong></span> <span class='ocrx_word' id='word_1_433' title='bbox 1228 3509 1320 3555; x_wconf 83' lang='lat' dir='ltr'><strong>cfr.</strong></span> <span class='ocrx_word' id='word_1_434' title='bbox 1357 3509 1483 3569; x_wconf 76' lang='lat' dir='ltr'><strong>Aug.</strong></span> <span class='ocrx_word' id='word_1_435' title='bbox 1523 3511 1642 3555; x_wconf 81' lang='lat' dir='ltr'><strong>Maii</strong></span> <span class='ocrx_word' id='word_1_436' title='bbox 1678 3507 1946 3556; x_wconf 73' lang='lat' dir='ltr'><strong>Commeat.</strong></span> <span class='ocrx_word' id='word_1_437' title='bbox 1979 3508 2245 3570; x_wconf 71' lang='lat' dir='ltr'><strong>praeviam</strong></span> <span class='ocrx_word' id='word_1_438' title='bbox 2283 3510 2337 3554; x_wconf 75' lang='lat' dir='ltr'><strong>in</strong></span> <span class='ocrx_word' id='word_1_439' title='bbox 2372 3508 2610 3555; x_wconf 77' lang='lat' dir='ltr'><strong>Fronton.</strong></span> <span class='ocrx_word' id='word_1_440' title='bbox 2650 3524 2697 3565; x_wconf 90' lang='lat' dir='ltr'><strong>p.</strong></span> <span class='ocrx_word' id='word_1_441' title='bbox 2726 3508 2871 3554; x_wconf 67' lang='lat'><strong>1111.</strong></span> <span class='ocrx_word' id='word_1_442' title='bbox 2913 3512 2960 3552; x_wconf 88' lang='lat' dir='ltr'><strong>et</strong></span> <span class='ocrx_word' id='word_1_443' title='bbox 2994 3505 3183 3560; x_wconf 69' lang='lat' dir='ltr'><strong>wa.</strong></span> 
     </span>
     <span class='ocr_line' id='line_1_43' title="bbox 676 3575 1618 3636; baseline 0.004 -14"><span class='ocrx_word' id='word_1_444' title='bbox 676 3575 730 3634; x_wconf 81' lang='lat'><strong>2)</strong></span> <span class='ocrx_word' id='word_1_445' title='bbox 767 3593 815 3624; x_wconf 90' lang='lat' dir='ltr'><strong>u.</strong></span> <span class='ocrx_word' id='word_1_446' title='bbox 857 3593 901 3625; x_wconf 87' lang='lat' dir='ltr'><strong>c.</strong></span> <span class='ocrx_word' id='word_1_447' title='bbox 943 3575 1061 3626; x_wconf 80' lang='lat'><strong>936.</strong></span> <span class='ocrx_word' id='word_1_448' title='bbox 1139 3577 1189 3636; x_wconf 84' lang='grc'><strong>3)</strong></span> <span class='ocrx_word' id='word_1_449' title='bbox 1228 3595 1275 3624; x_wconf 90' lang='grc' dir='ltr'><strong>ιι.</strong></span> <span class='ocrx_word' id='word_1_450' title='bbox 1315 3595 1359 3625; x_wconf 89' lang='lat' dir='ltr'><strong>c.</strong></span> <span class='ocrx_word' id='word_1_451' title='bbox 1403 3577 1522 3626; x_wconf 85' lang='grc'><strong>952.</strong></span> <span class='ocrx_word' id='word_1_452' title='bbox 1610 3587 1618 3594; x_wconf 84' lang='grc'>’</span> 
     </span>
    </p>
   </div>
   <div class='ocr_carea' id='block_1_10' title="bbox 673 3668 3181 3846">
    <p class='ocr_par' dir='ltr' id='par_1_10' title="bbox 673 3668 3181 3846">
     <span class='ocr_line' id='line_1_44' title="bbox 829 3668 3178 3739; baseline -0.003 0"><span class='ocrx_word' id='word_1_453' title='bbox 829 3686 995 3739; x_wconf 84' lang='lat'><strong>1177.</strong></span> <span class='ocrx_word' id='word_1_454' title='bbox 1069 3678 1255 3736; x_wconf 81' lang='lat' dir='ltr'><strong>LEG.</strong></span> <span class='ocrx_word' id='word_1_455' title='bbox 1307 3668 1395 3737; x_wconf 77' lang='grc' dir='ltr'>Τι’.</span> <span class='ocrx_word' id='word_1_456' title='bbox 1458 3680 1591 3738; x_wconf 86' lang='lat' dir='ltr'><strong>AD.</strong></span> <span class='ocrx_word' id='word_1_457' title='bbox 1652 3680 1723 3738; x_wconf 87' lang='grc' dir='ltr'><strong>Ρ.</strong></span> <span class='ocrx_word' id='word_1_458' title='bbox 1784 3680 1852 3736; x_wconf 79' lang='lat' dir='ltr'><strong>F.</strong></span> <span class='ocrx_word' id='word_1_459' title='bbox 1917 3678 1984 3738; x_wconf 86' lang='lat' dir='ltr'><strong>S.</strong></span> <span class='ocrx_word' id='word_1_460' title='bbox 2040 3679 2116 3736; x_wconf 82' lang='lat' dir='ltr'><strong>v.</strong></span> <span class='ocrx_word' id='word_1_461' title='bbox 2174 3679 2247 3737; x_wconf 90' lang='lat' dir='ltr'><strong>L.</strong></span> <span class='ocrx_word' id='word_1_462' title='bbox 2311 3679 2393 3737; x_wconf 86' lang='grc' dir='ltr'><strong>Μ.</strong></span> <span class='ocrx_word' id='word_1_463' title='bbox 2454 3677 2620 3735; x_wconf 84' lang='grc' dir='ltr'><strong>ΙΜΡ.</strong></span> <span class='ocrx_word' id='word_1_464' title='bbox 2674 3678 2752 3735; x_wconf 84' lang='lat' dir='ltr'><strong>D.</strong></span> <span class='ocrx_word' id='word_1_465' title='bbox 2805 3676 2884 3732; x_wconf 83' lang='lat' dir='ltr'><strong>N.</strong></span> <span class='ocrx_word' id='word_1_466' title='bbox 2943 3674 3178 3732; x_wconf 77' lang='lat' dir='ltr'><strong>SEVE.</strong></span> 
     </span>
     <span class='ocr_line' id='line_1_45' title="bbox 673 3769 3181 3846; baseline -0.002 -16"><span class='ocrx_word' id='word_1_467' title='bbox 673 3772 921 3833; x_wconf 79' lang='lat' dir='ltr'><strong>ALEX..</strong></span> <span class='ocrx_word' id='word_1_468' title='bbox 963 3774 1041 3830; x_wconf 88' lang='lat' dir='ltr'><strong>T.</strong></span> <span class='ocrx_word' id='word_1_469' title='bbox 1085 3771 1337 3833; x_wconf 85' lang='lat' dir='ltr'><strong>CASSI.</strong></span> <span class='ocrx_word' id='word_1_470' title='bbox 1381 3769 1655 3832; x_wconf 84' lang='lat' dir='ltr'><strong>DIONE.</strong></span> <span class='ocrx_word' id='word_1_471' title='bbox 1699 3772 1940 3846; x_wconf 87' lang='lat' dir='ltr'><strong>COS.¹)</strong></span> <span class='ocrx_word' id='word_1_472' title='bbox 1987 3806 2048 3817; x_wconf 90' lang='lat'><strong>—</strong></span> <span class='ocrx_word' id='word_1_473' title='bbox 2130 3773 2354 3831; x_wconf 84' lang='lat' dir='ltr'><strong>Budae.</strong></span> <span class='ocrx_word' id='word_1_474' title='bbox 2428 3770 2874 3830; x_wconf 84' lang='lat' dir='ltr'><strong>Schoenvisner</strong></span> <span class='ocrx_word' id='word_1_475' title='bbox 2912 3771 3181 3825; x_wconf 68' lang='lat' dir='ltr'><strong>Laenate.</strong></span> 
     </span>
    </p>
   </div>
   <div class='ocr_carea' id='block_1_11' title="bbox 671 3871 907 3943">
    <p class='ocr_par' dir='ltr' id='par_1_11' title="bbox 671 3871 907 3943">
     <span class='ocr_line' id='line_1_46' title="bbox 671 3871 907 3943; baseline 0 -21"><span class='ocrx_word' id='word_1_476' title='bbox 671 3887 735 3943; x_wconf 86' lang='lat' dir='ltr'><strong>p.</strong></span> <span class='ocrx_word' id='word_1_477' title='bbox 779 3871 907 3928; x_wconf 84' lang='lat'><strong>176.</strong></span> 
     </span>
    </p>
   </div>
   <div class='ocr_carea' id='block_1_12' title="bbox 670 3950 3182 4095">
    <p class='ocr_par' dir='ltr' id='par_1_12' title="bbox 670 3950 3182 4095">
     <span class='ocr_line' id='line_1_47' title="bbox 749 3950 3182 4028; baseline -0.001 -17"><span class='ocrx_word' id='word_1_478' title='bbox 749 3967 796 4022; x_wconf 92' lang='grc'><strong>1)</strong></span> <span class='ocrx_word' id='word_1_479' title='bbox 849 3969 884 4012; x_wconf 91' lang='lat' dir='ltr'><strong>i.</strong></span> <span class='ocrx_word' id='word_1_480' title='bbox 926 3982 972 4014; x_wconf 88' lang='lat' dir='ltr'><strong>e.</strong></span> <span class='ocrx_word' id='word_1_481' title='bbox 1047 3969 1165 4028; x_wconf 75' lang='lat' dir='ltr'><strong>Leg.</strong></span> <span class='ocrx_word' id='word_1_482' title='bbox 1195 3950 1272 4014; x_wconf 74' lang='lat'>1—1&#39;</span> <span class='ocrx_word' id='word_1_483' title='bbox 1346 3969 1569 4015; x_wconf 76' lang='lat' dir='ltr'><strong>Adiutrix</strong></span> <span class='ocrx_word' id='word_1_484' title='bbox 1603 3969 1691 4015; x_wconf 81' lang='lat' dir='ltr'><strong>Pia</strong></span> <span class='ocrx_word' id='word_1_485' title='bbox 1732 3968 1914 4013; x_wconf 74' lang='lat' dir='ltr'><strong>Fidelis</strong></span> <span class='ocrx_word' id='word_1_486' title='bbox 1951 3970 2213 4013; x_wconf 80' lang='lat' dir='ltr'><strong>Severiana</strong></span> <span class='ocrx_word' id='word_1_487' title='bbox 2246 3970 2426 4013; x_wconf 78' lang='lat' dir='ltr'><strong>Votum</strong></span> <span class='ocrx_word' id='word_1_488' title='bbox 2463 3968 2607 4013; x_wconf 78' lang='lat' dir='ltr'><strong>solvit</strong></span> <span class='ocrx_word' id='word_1_489' title='bbox 2642 3966 2798 4010; x_wconf 80' lang='lat' dir='ltr'><strong>libens</strong></span> <span class='ocrx_word' id='word_1_490' title='bbox 2833 3966 3042 4017; x_wconf 85' lang='lat' dir='ltr'><strong>merito,</strong></span> <span class='ocrx_word' id='word_1_491' title='bbox 3080 3962 3182 4008; x_wconf 79' lang='lat' dir='ltr'><strong>Do·</strong></span> 
     </span>
     <span class='ocr_line' id='line_1_48' title="bbox 670 4033 3181 4095; baseline -0.001 -15"><span class='ocrx_word' id='word_1_492' title='bbox 670 4037 803 4081; x_wconf 85' lang='lat' dir='ltr'><strong>mino</strong></span> <span class='ocrx_word' id='word_1_493' title='bbox 841 4042 1009 4082; x_wconf 87' lang='lat' dir='ltr'><strong>nostro</strong></span> <span class='ocrx_word' id='word_1_494' title='bbox 1047 4040 1228 4083; x_wconf 84' lang='lat' dir='ltr'><strong>Severo</strong></span> <span class='ocrx_word' id='word_1_495' title='bbox 1265 4040 1557 4095; x_wconf 74' lang='lat' dir='ltr'><strong>Alexandro,</strong></span> <span class='ocrx_word' id='word_1_496' title='bbox 1598 4040 1659 4085; x_wconf 90' lang='lat' dir='ltr'><strong>T.</strong></span> <span class='ocrx_word' id='word_1_497' title='bbox 1689 4039 1862 4084; x_wconf 83' lang='lat' dir='ltr'><strong>Cassio</strong></span> <span class='ocrx_word' id='word_1_498' title='bbox 1900 4039 2073 4093; x_wconf 86' lang='lat' dir='ltr'><strong>Dione,</strong></span> <span class='ocrx_word' id='word_1_499' title='bbox 2114 4038 2516 4093; x_wconf 85' lang='lat' dir='ltr'><strong>(celebratissimo</strong></span> <span class='ocrx_word' id='word_1_500' title='bbox 2555 4034 2831 4090; x_wconf 82' lang='lat' dir='ltr'><strong>historico,)</strong></span> <span class='ocrx_word' id='word_1_501' title='bbox 2868 4033 3181 4089; x_wconf 82' lang='lat' dir='ltr'><strong>consulibus;</strong></span> 
     </span>
    </p>
   </div>
   <div class='ocr_carea' id='block_1_13' title="bbox 671 4105 1042 4162">
    <p class='ocr_par' dir='ltr' id='par_1_13' title="bbox 671 4105 1042 4162">
     <span class='ocr_line' id='line_1_49' title="bbox 671 4105 1042 4162; baseline 0 -10"><span class='ocrx_word' id='word_1_502' title='bbox 671 4120 720 4162; x_wconf 88' lang='lat' dir='ltr'><strong>p.</strong></span> <span class='ocrx_word' id='word_1_503' title='bbox 763 4107 881 4151; x_wconf 80' lang='lat' dir='ltr'><strong>Chr.</strong></span> <span class='ocrx_word' id='word_1_504' title='bbox 923 4105 1042 4154; x_wconf 89' lang='grc'><strong>229.</strong></span> 
     </span>
    </p>
   </div>
   <div class='ocr_carea' id='block_1_14' title="bbox 663 4201 3295 4938">
    <p class='ocr_par' dir='ltr' id='par_1_14' title="bbox 663 4201 3295 4938">
     <span class='ocr_line' id='line_1_50' title="bbox 789 4201 3183 4286; baseline -0.002 -22"><span class='ocrx_word' id='word_1_505' title='bbox 789 4214 954 4267; x_wconf 82' lang='lat'><strong>1178.</strong></span> <span class='ocrx_word' id='word_1_506' title='bbox 1023 4206 1106 4265; x_wconf 83' lang='lat' dir='ltr'><strong>M.</strong></span> <span class='ocrx_word' id='word_1_507' title='bbox 1165 4208 1544 4267; x_wconf 89' lang='lat' dir='ltr'><strong>CAECILIO</strong></span> <span class='ocrx_word' id='word_1_508' title='bbox 1602 4209 1627 4267; x_wconf 92' lang='lat' dir='ltr'><strong>ll</strong></span> <span class='ocrx_word' id='word_1_509' title='bbox 1682 4207 2250 4266; x_wconf 87' lang='lat' dir='ltr'><strong>NOVATILIANO</strong></span> <span class='ocrx_word' id='word_1_510' title='bbox 2304 4209 2371 4266; x_wconf 89' lang='lat' dir='ltr'><strong>C.</strong></span> <span class='ocrx_word' id='word_1_511' title='bbox 2412 4207 2499 4270; x_wconf 63' lang='lat' dir='ltr'><strong>‚V.</strong></span> <span class='ocrx_word' id='word_1_512' title='bbox 2565 4205 2592 4265; x_wconf 88' lang='lat' dir='ltr'><strong>ll</strong></span> <span class='ocrx_word' id='word_1_513' title='bbox 2655 4201 3183 4286; x_wconf 56' lang='lat' dir='ltr'><strong>ORATORIET</strong></span> 
     </span>
     <span class='ocr_line' id='line_1_51' title="bbox 669 4298 3190 4361; baseline -0.001 -4"><span class='ocrx_word' id='word_1_514' title='bbox 669 4299 1036 4358; x_wconf 83' lang='lat' dir='ltr'><strong>POEllTAE</strong></span> <span class='ocrx_word' id='word_1_515' title='bbox 1082 4301 1469 4360; x_wconf 80' lang='lat' dir='ltr'><strong>INLVSTRI</strong></span> <span class='ocrx_word' id='word_1_516' title='bbox 1513 4301 1932 4361; x_wconf 88' lang='lat' dir='ltr'><strong>ALLEllCTO</strong></span> <span class='ocrx_word' id='word_1_517' title='bbox 1986 4302 2238 4359; x_wconf 81' lang='lat' dir='ltr'><strong>INTER</strong></span> <span class='ocrx_word' id='word_1_518' title='bbox 2289 4299 2882 4359; x_wconf 85' lang='lat' dir='ltr'><strong>CONSVllLARES.</strong></span> <span class='ocrx_word' id='word_1_519' title='bbox 2940 4298 3190 4355; x_wconf 75' lang='lat' dir='ltr'>PRAE-</span> 
     </span>
     <span class='ocr_line' id='line_1_52' title="bbox 667 4392 3182 4455; baseline -0.001 -4"><span class='ocrx_word' id='word_1_520' title='bbox 667 4392 835 4451; x_wconf 90' lang='lat' dir='ltr'><strong>SIDI</strong></span> <span class='ocrx_word' id='word_1_521' title='bbox 914 4396 941 4452; x_wconf 92' lang='lat' dir='ltr'><strong>ll</strong></span> <span class='ocrx_word' id='word_1_522' title='bbox 1015 4394 1252 4454; x_wconf 86' lang='lat' dir='ltr'><strong>PROV.</strong></span> <span class='ocrx_word' id='word_1_523' title='bbox 1338 4395 1582 4455; x_wconf 89' lang='lat' dir='ltr'><strong>MAES.</strong></span> <span class='ocrx_word' id='word_1_524' title='bbox 1670 4395 1845 4454; x_wconf 90' lang='lat' dir='ltr'><strong>SVP.</strong></span> <span class='ocrx_word' id='word_1_525' title='bbox 1930 4396 1956 4454; x_wconf 87' lang='lat' dir='ltr'><strong>ll</strong></span> <span class='ocrx_word' id='word_1_526' title='bbox 2042 4396 2315 4453; x_wconf 80' lang='lat' dir='ltr'><strong>IV&#39;RID.-</strong></span> <span class='ocrx_word' id='word_1_527' title='bbox 2372 4394 2609 4452; x_wconf 86' lang='lat' dir='ltr'><strong>APVL.</strong></span> <span class='ocrx_word' id='word_1_528' title='bbox 2676 4394 2784 4452; x_wconf 88' lang='lat' dir='ltr'><strong>ET</strong></span> <span class='ocrx_word' id='word_1_529' title='bbox 2851 4392 3182 4451; x_wconf 84' lang='lat' dir='ltr'><strong>CAllLAB.</strong></span> 
     </span>
     <span class='ocr_line' id='line_1_53' title="bbox 666 4484 3186 4561; baseline 0 -17"><span class='ocrx_word' id='word_1_530' title='bbox 666 4487 966 4545; x_wconf 79' lang='lat' dir='ltr'><strong>PRAET.</strong></span> <span class='ocrx_word' id='word_1_531' title='bbox 1042 4488 1255 4547; x_wconf 83' lang='lat' dir='ltr'><strong>TRIB.</strong></span> <span class='ocrx_word' id='word_1_532' title='bbox 1330 4489 1453 4546; x_wconf 90' lang='lat' dir='ltr'><strong>PL.</strong></span> <span class='ocrx_word' id='word_1_533' title='bbox 1546 4491 1571 4548; x_wconf 89' lang='lat' dir='ltr'><strong>ll</strong></span> <span class='ocrx_word' id='word_1_534' title='bbox 1659 4490 1735 4561; x_wconf 85' lang='lat' dir='ltr'><strong>Q.</strong></span> <span class='ocrx_word' id='word_1_535' title='bbox 1815 4489 2053 4548; x_wconf 84' lang='lat' dir='ltr'><strong>PROV.</strong></span> <span class='ocrx_word' id='word_1_536' title='bbox 2141 4488 2403 4548; x_wconf 86' lang='lat' dir='ltr'><strong>AFRIC.</strong></span> <span class='ocrx_word' id='word_1_537' title='bbox 2478 4492 2503 4548; x_wconf 93' lang='lat' dir='ltr'><strong>ll</strong></span> <span class='ocrx_word' id='word_1_538' title='bbox 2586 4484 3186 4550; x_wconf 78' lang='lat' dir='ltr'><strong>SPLENDIDISSI-</strong></span> 
     </span>
     <span class='ocr_line' id='line_1_54' title="bbox 667 4581 3295 4642; baseline -0 -3"><span class='ocrx_word' id='word_1_539' title='bbox 667 4581 836 4639; x_wconf 84' lang='lat' dir='ltr'><strong>MVS</strong></span> <span class='ocrx_word' id='word_1_540' title='bbox 884 4582 910 4639; x_wconf 91' lang='lat' dir='ltr'><strong>ll</strong></span> <span class='ocrx_word' id='word_1_541' title='bbox 955 4581 1177 4640; x_wconf 86' lang='lat' dir='ltr'><strong>ORDO</strong></span> <span class='ocrx_word' id='word_1_542' title='bbox 1236 4584 1261 4641; x_wconf 93' lang='lat' dir='ltr'><strong>ll</strong></span> <span class='ocrx_word' id='word_1_543' title='bbox 1319 4582 2112 4642; x_wconf 83' lang='lat' dir='ltr'><strong>BENEVENTANORVM</strong></span> <span class='ocrx_word' id='word_1_544' title='bbox 2154 4584 2179 4642; x_wconf 91' lang='lat' dir='ltr'><strong>ll</strong></span> <span class='ocrx_word' id='word_1_545' title='bbox 2224 4583 2626 4642; x_wconf 82' lang='lat' dir='ltr'><strong>PRIVATIM</strong></span> <span class='ocrx_word' id='word_1_546' title='bbox 2663 4584 2771 4641; x_wconf 54' lang='lat' dir='ltr'><strong>m?</strong></span> <span class='ocrx_word' id='word_1_547' title='bbox 2811 4581 3107 4640; x_wconf 90' lang='lat' dir='ltr'><strong>PVBLIC</strong></span> <span class='ocrx_word' id='word_1_548' title='bbox 3155 4581 3180 4638; x_wconf 91' lang='lat' dir='ltr'><strong>ll</strong></span> <span class='ocrx_word' id='word_1_549' title='bbox 3290 4583 3295 4590; x_wconf 90' lang='lat'>&#39;</span> 
     </span>
     <span class='ocr_line' id='line_1_55' title="bbox 664 4669 3179 4736; baseline -0.002 -2"><span class='ocrx_word' id='word_1_550' title='bbox 664 4669 1170 4734; x_wconf 76' lang='lat' dir='ltr'><strong>PATROCINIO</strong></span> <span class='ocrx_word' id='word_1_551' title='bbox 1223 4675 1407 4733; x_wconf 87' lang='lat' dir='ltr'><strong>EIVS</strong></span> <span class='ocrx_word' id='word_1_552' title='bbox 1466 4677 1491 4736; x_wconf 90' lang='lat' dir='ltr'><strong>ll</strong></span> <span class='ocrx_word' id='word_1_553' title='bbox 1550 4677 1805 4735; x_wconf 85' lang='lat' dir='ltr'><strong>SAEPE</strong></span> <span class='ocrx_word' id='word_1_554' title='bbox 1860 4675 2210 4736; x_wconf 81' lang='lat' dir='ltr'><strong>DEFE‘NSI</strong></span> <span class='ocrx_word' id='word_1_555' title='bbox 2267 4678 2338 4735; x_wconf 91' lang='lat' dir='ltr'><strong>P.</strong></span> <span class='ocrx_word' id='word_1_556' title='bbox 2382 4678 2458 4735; x_wconf 92' lang='lat' dir='ltr'><strong>D.</strong></span> <span class='ocrx_word' id='word_1_557' title='bbox 2502 4678 2579 4735; x_wconf 93' lang='lat' dir='ltr'><strong>D.</strong></span> <span class='ocrx_word' id='word_1_558' title='bbox 2652 4710 2717 4720; x_wconf 96' lang='lat'><em>-</em></span> <span class='ocrx_word' id='word_1_559' title='bbox 2822 4676 3179 4734; x_wconf 76' lang='lat' dir='ltr'><strong>Beneventi.</strong></span> 
     </span>
     <span class='ocr_line' id='line_1_56' title="bbox 663 4763 3187 4848; baseline -0 -22"><span class='ocrx_word' id='word_1_560' title='bbox 663 4769 827 4826; x_wconf 87' lang='lat' dir='ltr'><strong>Mur.</strong></span> <span class='ocrx_word' id='word_1_561' title='bbox 874 4773 1062 4837; x_wconf 66' lang='lat'><strong>1033.</strong></span> <span class='ocrx_word' id='word_1_562' title='bbox 1110 4777 1166 4826; x_wconf 82' lang='lat'><strong>2.</strong></span> <span class='ocrx_word' id='word_1_563' title='bbox 1222 4769 1297 4828; x_wconf 85' lang='lat' dir='ltr'><strong>de</strong></span> <span class='ocrx_word' id='word_1_564' title='bbox 1337 4769 1475 4827; x_wconf 81' lang='lat' dir='ltr'><strong>Vita</strong></span> <span class='ocrx_word' id='word_1_565' title='bbox 1526 4763 1846 4847; x_wconf 56' lang='lat' dir='ltr'><strong>pqxxn,</strong></span> <span class='ocrx_word' id='word_1_566' title='bbox 1903 4780 1995 4832; x_wconf 83' lang='lat'><strong>21.</strong></span> <span class='ocrx_word' id='word_1_567' title='bbox 2077 4772 2190 4830; x_wconf 80' lang='lat' dir='ltr'><strong>cfr.</strong></span> <span class='ocrx_word' id='word_1_568' title='bbox 2242 4769 2413 4848; x_wconf 83' lang='lat' dir='ltr'><strong>Spon</strong></span> <span class='ocrx_word' id='word_1_569' title='bbox 2455 4775 2593 4832; x_wconf 67' lang='lat'><strong>124.</strong></span> <span class='ocrx_word' id='word_1_570' title='bbox 2647 4779 2705 4830; x_wconf 90' lang='grc'><strong>2.</strong></span> <span class='ocrx_word' id='word_1_571' title='bbox 2749 4783 2831 4838; x_wconf 60' lang='lat' dir='ltr'><strong>vet</strong></span> <span class='ocrx_word' id='word_1_572' title='bbox 2887 4770 3187 4828; x_wconf 80' lang='lat' dir='ltr'><strong>Zaccaria</strong></span> 
     </span>
     <span class='ocr_line' id='line_1_57' title="bbox 664 4864 1154 4938; baseline 0.004 -22"><span class='ocrx_word' id='word_1_573' title='bbox 664 4864 883 4920; x_wconf 69' lang='lat' dir='ltr'><strong>Istisne.</strong></span> <span class='ocrx_word' id='word_1_574' title='bbox 926 4882 991 4938; x_wconf 85' lang='lat' dir='ltr'><strong>p.</strong></span> <span class='ocrx_word' id='word_1_575' title='bbox 1020 4870 1154 4926; x_wconf 76' lang='grc'><strong>258.</strong></span> 
     </span>
    </p>
   </div>
  </div>
 </body>
</html>
