3502 5487
1193 422 1735 483 EPIGRAPPHCA
1774 422 1885 481 1x.
2020 382 2027 391 ⁰
2484 470 2487 475 .
2680 428 2793 497 ⁵⁵5

292 546 522 621 CAMP.
560 559 831 624 babebat,
890 557 1186 613 panvinius
1233 556 1553 624 incidisset,
1609 573 1735 609 eum
1778 553 2178 630 Lampadium,
2232 556 2582 617 consularem
2626 558 2795 621 Carn-

225 722 234 729 .
290 662 522 731 paniae,
582 648 694 707 non
733 654 801 707 de
841 650 1142 725 Lampadio
1182 650 1425 704 Consule
1466 654 1604 703 sexti
1650 649 1857 718 seculi,
1914 648 2012 704 sed
2048 648 2115 705 de
2156 651 2461 725 Lampadio
2500 651 2792 713 Praefecto

288 750 424 804 §rbi
467 765 519 803 a.
563 749 692 803 Chr.
727 748 852 807 366.
891 750 1077 818 potius
1119 741 1288 797 fuisse
1331 749 1845 817 interpretaturum.

437 843 628 914 Neque
665 844 943 894 coniicere
981 838 1298 905 nonlicet,
1363 837 1725 911 Lampadium
1778 842 1959 909 quarti
2015 837 2220 906 seculi,
2285 843 2534 910 quamvis
2590 825 2793 894 consu-

283 935 467 991 latum
519 949 799 1008 nunquam
851 947 1243 998 consecutum,
1309 949 1480 985 unum
1524 948 1849 1005 proavorum
1886 932 2174 1004 Lampadii
2213 947 2267 996 a.
2307 932 2441 986 Chr.
2491 938 2617 994 530.
2656 950 2792 987 con-

284 1029 440 1093 sulis,
464 1028 651 1084 fuisse.
709 1029 971 1098 Hancque
1011 1018 1572 1080 LAMPADIORVM
1611 1023 1880 1081 familiam
1924 1042 2163 1079 veterem
2199 1041 2261 1079 'et
2302 1026 2594 1080 inlustrem
2634 1043 2789 1082 sexto

282 1123 477 1179 seculo
513 1126 769 1195 inprimis
811 1120 1108 1187 claruisse,
1173 1116 1397 1172 tandem
1435 1118 1520 1175 vel
1559 1137 1625 1194 ex
1668 1136 1734 1172 eo
1780 1123 2151 1189 coniecerim,
2210 1118 2360 1194 quod
2403 1125 2465 1175 in
2503 1120 2787 1196 Diptycho

283 1217 442 1271 TVO
478 1213 911 1287 πληθυντικῶς

1256 1304 1819 1359 LAMPADIORVM

283 1402 532 1475 legatur,
580 1418 693 1475 non
733 1395 942 1462 ἑνικῶς
977 1397 1365 1452 LAMPADII.
1445 1399 1616 1451 Cuius
1658 1398 1885 1470 pluralis
1924 1403 2174 1467 numeri,
2228 1403 2284 1453 in
2326 1399 2619 1473 Diptychis
2657 1414 2785 1456 ante

284 1497 499 1563 ‘1'va
541 1496 843 1558 invisitati,
883 1497 1154 1545 rationem
1193 1496 1298 1545 etsi
1337 1509 1451 1544 non
1489 1490 1817 1545 facillimum
1857 1498 1930 1546 sit
1969 1490 2255 1565 expedire,
2301 1493 2550 1547 audaeuli
2592 1511 2782 1548 notam

286 1595 378 1642 vix
434 1584 790 1659 effugiturus,
856 1584 990 1657 quid
1047 1585 1187 1638 mihi
1246 1584 1313 1638 de
1370 1586 1478 1638 hoc
1539 1603 1771 1638 numero
1838 1585 2120 1652 videatur,
2184 1586 2335 1641 brevi
2395 1603 2556 1655 anto,
2618 1574 2807 1660 quam⁴

283 1683 508 1749 finiam,
565 1679 881 1750 QVJRINO
920 1694 1188 1752 exponam
1228 1695 1385 1746 meo,
1444 1694 1537 1746 ut,
1593 1684 1641 1732 ei
1678 1683 1861 1731 minus
1906 1684 2015 1732 veri
2067 1681 2273 1763 signilia
2317 1679 2500 1734 dicere
2539 1680 2808 1755 videbor„

281 1781 526 1830 certiora
560 1790 625 1826 ex
656 1773 787 1840 TE,
825 1771 1135 1825 Cardinalis
1171 1774 1657 1839 Eminentissime‚
1697 1770 1945 1845 idemque
1990 1774 2338 1828 PATRONE
2374 1772 2785 1845 Eruditissime,

282 1853 652 1942 cognoscam,
691 1885 925 1938 veroque
965 1871 1089 1939 ipso
1127 1872 1350 1939 cognito
1388 1883 1598 1920 errores
1642 1870 1852 1939 possim
1895 1865 2168 1939 deponere
2210 1885 2379 1921 meos.
2454 1916 2461 1922 .

434 1961 664 2015 Consuli
704 1962 855 2015 TVO
892 1960 1069 2014 {orma
1109 1964 1424 2034 augustiore
1479 1976 1736 2034 expresso
1791 1958 1988 2033 adsunt
2040 1966 2142 2013 viri
2196 1959 2304 2013 duo
2346 1952 2561 2015 minore
2599 1952 2777 2015 forma
2826 1988 2833 1999 ν

278 2054 584 2127 exsculpti,
641 2052 710 2107 ad
759 2052 1009 2108 dextram
1058 2053 1228 2123 alter,
1294 2052 1432 2117 alter
1473 2051 1542 2117 ad
1579 2058 1885 2107 sinistram.
1963 2053 2164 2106 Tribus
2205 2054 2290 2107 his
2334 2059 2463 2107 viris
2506 2072 2617 2109 tres
2656 2058 2787 2110 sub-

282 2164 412 2202 sunt
463 2147 656 2214 sellae,
721 2164 948 2220 quarum
999 2144 1180 2201 media
1229 2145 1299 2199 ab
1353 2147 1687 2219 reliquarum
1739 2145 1970 2198 duarum
2030 2143 2205 2200 forma
2234 2147 2523 2208 ⁸nonnihil
2575 2145 2781 2206 differt.

282 2247 372 2297 An
423 2246 777 2315 interpretari
830 2240 1023 2295 licebit
1074 2241 1140 2294 de
1180 2238 1511 2313 Lampadiae
1559 2238 1805 2293 familiae
1846 2236 2176 2293 munerariis
2220 2239 2436 2294 tribus?
2505 2245 2584 2297 De
2623 2243 2783 2297 Lam-

286 2334 457 2410 padio
500 2335 760 2402 consule,
823 2335 1038 2389 Orestis
1091 2332 1333 2406 collega,
1397 2350 1444 2388 a.
1488 2333 1623 2388 Chr.
1659 2337 1823 2402 53o.,
1875 2331 2070 2386 deinde
2111 2331 2176 2386 de
2217 2334 2531 2407 Lampadiis
2570 2333 2781 2393 duobus

283 2430 444 2498 aliis,
494 2434 588 2501 qui
629 2426 821 2482 eodem
858 2444 1002 2481 anno
1041 2425 1453 2498 magistratibus
1496 2427 1791 2480 consulatu
1830 2426 2174 2493 minoribus,
2234 2425 2473 2480 fortasse
2527 2445 2782 2501 praetura

285 2521 461 2591 alter,
498 2522 637 2576 alter
675 2536 994 2593 quaestura,
1030 2519 1318 2593 fungentes
1357 2517 1609 2574 dederint
1649 2521 1826 2574 ludos.
1893 2522 2020 2575 Non
2059 2519 2228 2573 modo
2267 2526 2411 2574 enim
2452 2523 2785 2593 consulatui,

285 2614 385 2670 sed
425 2621 591 2670 etiam
633 2613 874 2667 urbanae
913 2629 1228 2688 praeturae,
1269 2628 1325 2667 et
1365 2630 1718 2686 quaesturae,
1777 2609 2111 2666 edendorum
2154 2631 2291 2667 onus
2330 2613 2589 2668 ludorum
2628 2621 2787 2707 incn-

281 2709 471 2764 baisse
510 2724 750 2763 constat.
825 2707 951 2762 Vid.
991 2708 1075 2762 vel
1116 2707 1507 2782 Symmachum
1546 2707 1699 2763 Libr.
1741 2709 1833 2761 IV.
1875 2713 2037 2780 epist.
2076 2710 2168 2768 59.
2211 2723 2264 2762 et
2304 2695 2398 2767 6ὸ.

431 2807 550 2870 An,
606 2808 700 2875 qui
753 2800 821 2856 ad
872 2801 1120 2856 dextram
1160 2801 1445 2875 Lampadii
1496 2802 1738 2855 consulis
1783 2820 2066 2875 expressus
2108 2819 2224 2869 est,
2280 2800 2482 2869 frater,
2543 2801 2610 2860 ad
2648 2805 2786 2856 sini-
2861 2869 2867 2882 ι

278 2914 454 2953 stram
495 2896 637 2950 filius
677 2895 872 2959 fuerit3
925 2912 996 2949 an
1037 2894 1178 2950 filius
1218 2913 1445 2968 uterque
1483 2894 1772 2970 Lampadii
1817 2897 2092 2963 consulis,
2140 2902 2195 2949 in
2239 2913 2393 2951 tanto
2433 2899 2782 2968 antiquitatis

279 2991 349 3046 de
401 2990 613 3044 familia
667 2988 970 3063 Lampadia
1026 2989 1249 3043 silentio
1301 2988 1595 3056 decernere
1656 2995 2009 3044 temerarium
2062 3006 2233 3043 esset:
2301 2995 2355 3042 in
2407 2995 2603 3064 primis
2653 2994 2782 3061 quia

276 3091 449 3160 periit
492 3084 662 3168 altera
700 3085 968 3158 Diptychi
1006 3084 1131 3138 Tv1
1169 3082 1396 3137 tabella:
1447 3099 1583 3157 quae
1623 3087 1670 3137 si
1727 3099 2036 3157 superesset
2091 3057 2285 3150 nobis,
2333 3081 2566 3137 fortasse
2613 3084 2782 3150 iilius,

280 3195 448 3251 quam
487 3196 650 3232 curae
690 3179 877 3232 TVAE
919 3194 972 3231 et
1015 3195 1211 3251 operae
1250 3175 1543 3245 debemus,
1586 3176 1778 3229 literas
1820 3181 2025 3230 certius
2068 3180 2582 3250 interpretaremur,
2628 3181 2784 3251 geni-

279 3277 491 3345 tivique
554 3273 811 3347 pluralis,
876 3271 1472 3341 LAMPADIORVM,
1534 3275 1810 3325 rationem
1879 3286 1936 3324 et
1995 3277 2258 3345 syntaxin
2318 3272 2515 3325 melius
2572 3288 2783 3345 eogno-

287 3380 591 3421 acet-emus.
1587 3423 1592 3428 ,
1980 3359 1993 3368 ’
2552 3351 2553 3354 ¹
2730 3347 2731 3350 Ἴ

434 3447 621 3528 Qu‘are
672 3460 899 3513 modum
952 3476 1103 3513 nunc
1129 3457 1302 3514 ‘facio
1351 3455 1696 3524 hariolandi,
1757 3472 1811 3511 et
1855 3455 2000 3530 quod
2053 3455 2217 3510 hodie
2255 3457 2392 3534 milri
2433 3457 2784 3513 restat‘tem-

281 3556 468 3626 poris,
528 3552 814 3606 FLORAE
863 3554 1186 3623 QVIRINI,
1249 3551 1414 3626 digne
1465 3551 1609 3626 apud
1661 3569 1764 3605 nos
1828 3550 2101 3622 edendae,
2164 3553 2261 3605 ΤΕ
2314 3556 2393 3606 ita
2452 3552 2669 3607 volente
2724 3569 2781 3606 et

283 3644 542 3710 iubente,
583 3643 684 3712 dc,
720 3644 881 3712 dico,
920 3643 1134 3698 dedice.

430 3737 653 3804 VALE,
689 3738 1145 3791 Eminentissime
1171 3738 1569 3804 'PRINCEPS,
1609 3754 1664 3791 et
1701 3739 1843 3791 mihi
1886 3731 2064 3794 favere
2102 3757 2288 3813 perge.

434 3831 633 3886 Turici
673 3830 1052 3886 Helvetiorum
1099 3828 1166 3883 ad
1205 3829 1353 3885 diem
1391 3818 1550 3887 Vll—1.
1589 3830 1721 3886 Idus
1762 3832 1963 3888 Maias.

1098 3925 1406 3979 MDCCLI.

1483 4202 1566 4261 X.

435 4320 505 4371 V.
560 4316 1104 4397 el.10.Augustus
1155 4317 1474 4372 ERNESTl
1525 4317 1703 4373 Nonis
1758 4319 1926 4372 Maiis
1982 4320 2144 4377 1750.
2217 4316 2283 4369 ad
2344 4319 2774 4390 Breitingerum.

271 4408 638 4483 (Respondet
670 4412 1011 4497 Breitingeri
1048 4410 1313 4484 epistolae
1369 4426 1400 4463 a
1437 4411 1771 4464 Tittmanno
1822 4410 2001 4464 editae
2053 4415 2147 4477 (in
2186 4413 2265 4465 D.
2306 4410 2609 4463 Ruhnkem'i
2645 4417 2779 4479 (sic)
2812 4490 2817 4496 .

278 4503 347 4558 L.
388 4505 450 4560 C.
489 4505 884 4560 Valckenaerit'
919 4503 1000 4556 ad
1032 4505 1081 4557 I.
1120 4506 1197 4557 A.
1235 4501 1467 4557 Ernesti
1504 4505 1760 4576 epistolis
1796 4505 1949 4579 Lips.
1995 4512 2159 4565 1812.
2198 4516 2320 4582 pag.
2363 4510 2479 4578 78.)

411 4667 700 4757 ’Nondum
747 4703 1021 4776 legeram,
1083 4719 1254 4776 quum
1306 4703 1600 4776 epistolam
1653 4719 1804 4757 tuam
1858 4707 2197 4777 acciperem,
2260 4720 2397 4775 quae
2448 4701 2513 4755 de
2563 4703 2781 4773 Hagen-

293 4796 488 4864 bachii
541 4797 792 4872 epistolis
847 4797 994 4852 dicta
1047 4815 1178 4853 sunt
1214 4803 1273 4852 in
1312 4798 1468 4851 Actis
1508 4798 1907 4852 Ioecherianis.
1958 4786 2096 4852 'Sed
2141 4796 2452 4851 admonitus
2493 4794 2709 4848 demum
2752 4811 2779 4844 a
