3502 5487
726 480 838 541 480
1097 475 1165 534 C.
1199 476 1361 535 vm.
1392 526 1395 539 .
1429 476 1817 535 NOMHWM
1855 477 2106 538 RATIO
2145 482 2363 541 APVD
2401 482 2818 545 ROMANOS.

726 609 974 665 deerant
1011 619 1171 665 certe
1213 626 1326 665 nec
1368 608 1677 684 lapidarii,
1744 628 1857 668 nec
1893 610 2119 686 lapides
2166 613 2242 671 ad
2290 614 2464 684 talia,
2534 617 2587 673 si
2620 616 2861 677 =lucrum
2903 621 3024 695 ipsi
3070 640 3223 696 pro-

726 713 1040 770 curarent,
1093 701 1428 759 incidenda.
1499 702 1657 760 Nihil
1692 714 1892 762 tamen
1933 704 2170 764 definio.
2240 706 2509 766 Pertinet
2545 711 2661 767 huc
2701 714 2876 770 etiam
2915 731 3221 790 sequena

875 844 1041 903 2734.
1100 840 1509 915 QVINCTAE
1548 840 1859 901 NONIAE
1917 843 1942 903 ll
1998 844 2264 905 RVFAE
2309 847 2415 904 ΕΤ
2461 849 2485 907 ll
2540 848 2850 909 NONIAE
2896 851 2975 926 Q.
3018 853 3095 911 F.
3153 882 3229 900 —

725 935 1098 1009 Quinctulac.
1154 936 1227 992 In
1264 955 1410 1012 agro
1447 936 1789 1014 Rhegiensi.
1847 937 2021 996 Grut.
2067 949 2209 1010 882,
2258 946 2315 1001 5.
2384 942 2542 999 Mur.
2577 948 2754 1013 1754,
2811 950 2868 1005 5.

873 1046 1055 1104 SEX.
1122 1051 1264 1116 554,
1327 1058 1380 1107 1.
1444 1050 1707 1106 incertae
1754 1060 1846 1106 est
1886 1051 2181 1109 lectionis.
2261 1051 2386 1111 cfr.
2434 1053 2661 1112 Mafl'eii
2706 1056 2846 1113 Ver.
2895 1059 3109 1115 tua-etr.
3159 1062 3217 1119 4.

720 1162 783 1218 p.
835 1146 962 1204 145.
1046 1139 1390 1217 Speciosius
1431 1145 1632 1219 utique
1672 1153 1763 1199 est
1798 1148 1941 1214 931,
1992 1153 2087 1208 8.=

873 1287 1039 1344 2735.
1097 1282 1171 1339 D.
1223 1281 1305 1339 M.
1357 1281 1400 1340 S
1453 1282 1476 1340 ll
1541 1283 1821 1340 ANNAE
1872 1283 2424 1345 FORTVNATAE
2498 1288 2525 1347 ΙΙ
2595 1287 2774 1347 SEX.
2824 1290 3222 1351 CETHECI-

720 1376 902 1434 LEA.
922 1375 971 1453 ¹)
1009 1366 1502 1435 ΡΑΙΙΤΒΟΝΑΕ.
1564 1408 1628 1419 -
1707 1376 1949 1435 Romae.
2008 1377 2117 1454 (1)
2157 1380 2470 1452 Cethegum
2509 1383 2761 1462 Reme.)
2810 1395 2871 1442 et
2911 1388 3061 1456 962,
3116 1394 3214 1445 12.

720 1472 855 1525 Sex.
895 1472 1112 1523 Avidia
1155 1472 1287 1525 Sex.
1335 1473 1400 1526 L.
1438 1475 1649 1528 Prima.

872 1583 948 1639 T.
1008 1582 1306 1658 (TITA.)
1359 1585 1506 1650 482,
1555 1589 1609 1640 2.
1667 1581 1737 1636 T.
1778 1586 2077 1638 petroniae
2107 1582 2378 1658 Rufina,-
2444 1586 2549 1644 sed
2591 1588 2758 1660 vide,
2827 1607 2904 1647 ue
2947 1591 3029 1648 Τ.
3070 1609 3219 1648 cum

722 1676 1037 1752 praeeedd.
1087 1675 1446 1752 iungendum
1484 1677 1555 1747 Q.
1596 1678 1784 1743 Aram,
1826 1666 2248 1753 corruptumve
2291 1670 2389 1737 sit.
2451 1710 2515 1724 —-
2571 1687 2713 1750 550,
2773 1691 2825 1745 7.
2929 1684 3004 1739 T.
3061 1686 3219 1738 Iano

721 1772 1051 1828 Valentino.
1121 1801 1182 1812 -
1244 1774 1386 1836 792,
1427 1774 1484 1827 9.
1564 1769 1630 1824 T.
1673 1771 1962 1823 Cornelius
1998 1773 2371 1826 Marcellinus
2437 1775 2463 1833 ll
2529 1776 2598 1829 Τ.
2641 1781 2912 1832 Patet-nia
2946 1778 3213 1833 Florian.

720 1864 1044 1937 „Fortasse
1087 1864 1200 1939 leg.
1250 1864 1334 1920 eT
1381 1864 1557 1939 ligate
1604 1863 1708 1919 HT
1746 1862 1844 1918 vel
1882 1842 2047 1919 ‘rEJ‘
2100 1865 2379 1922 Haemo.
2427 1867 2696 1946 idemque
2752 1888 3015 1946 prorsus
3054 1871 3216 1927 valet

721 1958 802 2015 de'
838 1957 1249 2032 praecedente.
1312 1987 1374 2000 —-
1433 1961 1575 2024 835,
1620 1965 1709 2014 12.
1790 1957 1858 2012 Τ.
1906 1962 2126 2013 Anniae
2161 1961 2403 2016 Duriae.
2484 1962 2803 2037 Reperitur
2836 1964 2913 2020 T.
2953 1963 3077 2020 hoc
3121 1965 3216 2020 fe-

721 2054 1012 2108 mininum
1054 2046 1119 2108 in
1186 2052 1347 2126 lapp.
1428 2048 1959 2118 Narbonensibus,
2057 2052 2548 2128 Gratiopolitanis
2605 2067 2664 2113 et
2715 2054 3215 2124 Arelatensibus,

721 2147 804 2202 ita
840 2157 939 2213 ut,
1030 2141 1219 2201 sicubi
1259 2147 1560 2202 sincerum
1604 2154 1729 2210 est,
1812 2144 1887 2201 ad
1939 2164 2167 2202 morem
2205 2147 2458 2224 aliquem
2501 2149 2658 2206 illius
2705 2160 2933 2208 tractus
2983 2151 3219 2208 Gallia-

722 2240 858 2295 rum
892 2240 970 2295 sit
1013 2238 1420 2305 referendum,
1483 2235 1974 2314 quemadmodum
2015 2238 2203 2293 simile
2250 2238 2473 2316 aliquid
2522 2242 2775 2298 vidimus
2826 2244 2890 2299 iu
2941 2263 3221 2318 praeno-

722 2334 880 2389 mine
929 2333 1140 2388 Publia.
1222 2355 1299 2372 -
1391 2336 1532 2399 859,
1589 2334 1681 2389 14.
1757 2342 1816 2387 et
1864 2331 2119 2387 Zachar.
2180 2332 2397 2387 Mar-m.
2438 2335 2632 2388 Salon.
2679 2354 2739 2409 p.
2781 2341 2886 2402 25‚
2948 2344 3048 2396 11.
3145 2339 3223 2393 Τ.

717 2431 919 2481 Attiae
968 2427 1385 2480 Laemonetnae.
1461 2455 1523 2467 -
1614 2432 1761 2491 880,
1815 2428 1872 2482 9.
1954 2424 2028 2480 Τ.
2101 2423 2527 2483 MAXSVMA.
2577 2427 2808 2484 TEST.
2853 2428 2926 2485 F.
2968 2429 3024 2486 Ῐ.
3090 2430 3221 2489 Sed

719 2519 938 2578 Murat.
984 2524 1160 2587 1709,
1196 2526 1283 2581 13.
1307 2540 1324 2574 ε
1381 2518 1455 2575 Τ.
1500 2517 1701 2576 ΜΑΧ.
1732 2517 1839 2573 ET
1868 2515 2186 2574 SALVIA.
2219 2518 2394 2576 TES·
2425 2519 2551 2576 FIE
2579 2521 2602 2580 ΙΙ
2627 2520 2778 2578 IVS.
2826 2551 2888 2564 -
2935 2527 3080 2591 974,
3115 2532 3219 2582 11.

716 2616 784 2670 L.
826 2616 1055 2667 Eram
1097 2615 1204 2666 sibi
1245 2612 1372 2669 ET.
1413 2613 1486 2669 Τ.
1533 2621 1596 2670 θ.
1673 2613 1947 2663 Μαππὶαε
1991 2612 2055 2665 L·
2097 2612 2162 2666 L.
2203 2615 2518 2681 primulae,
2562 2612 2664 2671 uhi
2702 2614 2834 2672 vide
2875 2634 2953 2672 ne
2994 2616 3081 2673 T.
3122 2629 3224 2674 te-

718 2726 881 2765 mere
938 2710 1016 2766 sit
1069 2707 1500 2782 reduplicatum
1561 2723 1635 2763 ex
1689 2703 2083 2781 praecedente
2135 2705 2261 2763 ΕΤ.
2357 2705 2530 2765 Certe
2577 2709 2735 2766 euim
2776 2706 3037 2767 debehat
3078 2730 3222 2770 esse

718 2802 848 2859 ET.
899 2811 960 2860 Θ.
1006 2803 1079 2859 Τ.
1120 2804 1417 2856 Μηηηίασ.
1492 2799 1655 2856 Idem
1699 2799 2146 2867 valet·de‘991,
2194 2805 2251 2859 9.
2331 2804 2548 2855 Herma
2588 2804 2695 2855 sibi
2725 2803 2852 2860 ΕΤ.
2896 2805 2972 2860 Τ.
3021 2807 3223 2859 Hedi-

718 2903 862 2949 εἰὶσε
899 2897 1140 2967 Quim'ae
1179 2898 1305 2951 sive
1342 2895 1617 2949 Hedistae
1655 2896 1936 2970 Quintiae.
1985 2915 2049 2936 -⁵
2100 2898 2239 2960 879,
2286 2898 2341 2954 4.
2398 2895 2597 2953 ΤΙΤΑ
2641 2896 3217 2969 MARCELLINA,

722 2988 996 3046 omnibus
1022 2990 1211 3045 literis
1239 2991 1529 3063 scriptum
1572 2998 1767 3043 exstat
1804 2990 1868 3042 in
1909 2987 2081 3044 titulo
2128 2986 2443 3044 admodum
2486 3001 2795 3064 suspecto,
2850 3002 2910 3048 et
2948 3011 2983 3047 a
3025 2993 3225 3049 Pom·

721 3084 905 3158 ponio
932 3081 1149 3150 Laeto,
1195 3093 1261 3138 ut
1297 3083 1563 3149 videtur,
1612 3078 1891 3137 conficto.
1970 3080 2285 3137 Inversum
2327 3082 2415 3152 T,
2474 3082 2527 3139 J.
2566 3086 2793 3141 incerta
2834 3102 2981 3142 sane
3015 3089 3226 3164 signi-

723 3175 999 3233 ficatione
1050 3174 1145 3233 his
1191 3176 1406 3253 legitur
1455 3185 1595 3244 130,
1628 3183 1681 3236 7.
1735 3185 1796 3231 et
1845 3177 1984 3242 754,
2035 3181 2088 3234 7.

871 3288 974 3345 TI.
1029 3287 1432 3365 (TlssEmA)
1478 3291 1621 3356 892,
1668 3291 1726 3345 9.
1785 3286 1889 3343 TI.
1931 3289 2099 3339 Aelia
2141 3288 2231 3343 M.
2277 3289 2369 3356 R,
2411 3307 2486 3344 ex
2516 3288 2639 3364 lap.
2686 3247 3110 3366 Hispaniensi.
3146 3324 3220 3337 -

720 3385 864 3450 909,
915 3387 1004 3446 15.
1054 3393 1432 3457 corruptum,
1484 3393 1542 3439 et
1584 3383 1699 3437 viri
1741 3382 1940 3456 potius
1981 3399 2345 3456 praenomen
2382 3384 2618 3440 videtur
2663 3383 2766 3440 ΤΙ.

873 3495 1032 3552 DIV.
1089 3495 1183 3551 Ex
1228 3495 1401 3552 Grut.
1446 3497 1587 3562 799,
1630 3497 1688 3553 6.
1744 3492 1905 3548 DIV.
1954 3492 2272 3551 LELIAE.
2314 3492 2705 3562 ATILIAE.,
2747 3495 2909 3553 DIV.
2966 3516 3224 3576 quoquo

723 3591 882 3647 iuter
933 3591 1287 3645 seminarum
1329 3588 1714 3663 praenomina
1759 3585 1962 3642 retulit
2010 3584 2310 3663 Scaliger,
2382 3587 2488 3645 sed
2535 3587 2763 3645 Gudius
2807 3595 2955 3656 271,
3004 3594 3069 3649 4.
3115 3612 3223 3649 re-

724 3679 880 3739 ctius
926 3681 1133 3740 habet:
1175 3680 1632 3740 DEVILLIAE.
1675 3678 2087 3736 ATTILIAE.
2136 3679 2261 3737 cfr.
2309 3683 2551 3738 omnino
2594 3680 2857 3738 Fahrett.
2894 3701 2962 3758 p.
3014 3689 3165 3750 575.

871 3795 982 3851 His
1021 3793 1338 3861 addamus,
1383 3812 1530 3870 quae
1566 3790 1882 3849 Fabrettus
1920 3811 1980 3867 p.
2028 3798 2122 3852 30.
2172 3810 2206 3848 a
2246 3810 2313 3848 se
2347 3794 2477 3848 visa
2514 3792 2783 3871 collegit:

875 3919 1041 3978 2756.
1099 3913 1252 3972 DIS.
1300 3914 1363 3972 M
1419 3915 1445 3972 ll
1502 3913 1638 3989 C.¹)
1682 3913 1992 3971 GAMICE
2054 3913 2081 3971 ll
2142 3912 2209 3970 C.
2257 3912 2627 3971 DIODOTO
2691 3914 2717 3973 u
2794 3913 3152 3976 CONIVGI
3192 3920 3222 3978 Ι

725 4008 1017 4081 POSTQ.
1063 4008 1260 4066 SVIS.
1316 4041 1390 4054 —-
1464 4007 1707 4064 Romae.
1765 4005 1944 4063 Fabr.
1988 4014 2093 4074 50,
2140 4009 2267 4065 146.

799 4109 848 4167 1)
884 4118 932 4166 p.
974 4107 1092 4155 373.
1137 4111 1237 4166 ipse
1275 4108 1422 4153 rubr.
1463 4109 1672 4162 dubitat,
1711 4121 1868 4152 annon
1911 4109 2003 4166 ης.
2044 4108 2108 4150 sit
2145 4106 2399 4151 cannata.

805 4295 810 4300 .
877 4245 1043 4299 2737.
1097 4236 1171 4294 L.
1214 4234 1433 4322 VIBJO
1479 4234 1550 4294 L.
1599 4234 1669 4291 F.
1717 4233 1831 4291 AN
1892 4232 1918 4292 ΙΙ
1977 4232 2240 4291 ASPRO
2303 4232 2329 4290 ll
2395 4232 2631 4292 SEXT.
2670 4225 3148 4298 FAVSTINAE
3194 4242 3223 4300 Ι

728 4329 1063 4389 CONIVGI
1104 4329 1130 4389 ll
1173 4328 1575 4400 BENEMER.
1618 4327 1792 4385 FEC.
1847 4358 1920 4373 -
1994 4325 2144 4384 Ibid.
2201 4324 2284 4384 ib.
2325 4333 2431 4395 51,
2478 4332 2607 4387 147.

874 4475 1045 4531 2758.
1117 4468 1191 4525 L.
1274 4467 1710 4526 SEPTIMIAE
1804 4466 2414 4525 ΡΑΤΑΙΙΒΪΝῙΑΝΕ.
2490 4465 2932 4526 BALBILllLE
3015 4472 3228 4533 TYR-

723 4563 890 4621 HAE
935 4567 960 4622 u
1001 4561 1459 4619 NEPOTILLE
1482 4560 2240 4619 ODAEllNATHIANAE.
2282 4558 2385 4631 cQ
2468 4560 2493 4619 n
2572 4560 2761 4628 AVB.
2798 4557 3230 4624 PVBLIENA

722 4657 1051 4715 ELPIDIA
1098 4654 1413 4713 NVTRIX
1473 4658 1498 4713 u
1565 4654 2004 4712 PATRONAE
2061 4652 2586 4712 DVLCISllSIME
2645 4653 2751 4711 ET
2803 4655 3230 4718 AMANTIS-

724 4750 1008 4811 SIuMAE
1059 4748 1502 4806 FELICITER.
1585 4778 1649 4791 -
1727 4746 1879 4804 Ibid.
1936 4747 2016 4805 ib.
2060 4749 2165 4815 31,
2210 4751 2337 4808 1118.
2413 4746 2722 4804 Mulierem
2758 4748 2915 4806 hanc
2959 4761 3055 4808 tot
3106 4773 3230 4811 no-

721 4849 882 4906 mina
926 4842 1146 4902 habere
1182 4843 1437 4900 monstri
1474 4845 1666 4899 instar
1701 4843 1939 4901 videtur
1982 4840 2247 4898 Oliverio
2285 4839 2361 4898 ad
2402 4841 2618 4896 Mar-m.
2662 4843 2888 4899 Pisaur.
2922 4862 2990 4920 p.
3023 4851 3173 4908 106,
