3502 5487
625 487 738 547 164
1229 480 1297 541 C.
1338 483 1416 539 11.
1498 480 2021 539 MONVMENTA
2059 478 2523 541 HISTORICA.

627 616 699 673 C.
743 604 1064 674 CAESAR
1092 597 1325 683 ,ORIT.
1374 614 1515 687 QVI
1554 611 1738 670 DIES
1781 611 1936 670 EST
1975 612 2052 668 A.
2093 612 2171 669 n.
2215 611 2409 669 VIIII.
2450 610 2525 666 K.
2570 609 2940 671 MARTIAS
2979 614 3143 674 PRO

627 709 1010 768 ALLIENSI
1086 711 1111 768 ιι
1174 707 1619 765 LVGVBREM
1683 705 2118 764 MEMORIAE
2179 704 2448 762 PRODI.
2514 704 2993 779 NOTARIQVE
3055 709 3145 767 IN

625 803 1141 861 PRAESENTIA
1182 801 1509 859 OMNIVM
1549 780 1790 858 IVSSV'
1827 801 1931 858 AC
1995 800 2020 858 ιι
2082 799 2605 857 VOLVNTATE.
2650 799 3138 875 CAVERIQVE.

624 898 732 955 NE
774 897 999 970 QVOD
1043 895 1559 954 SACRIFICIVM
1598 894 2032 953 PVBLICVM.
2074 893 2289 951 NEVE
2332 893 2551 965 QVAE
2593 894 3144 955 SVPPLIuCATl-

629 990 862 1049 ONES.
899 991 1092 1048 NIVE
1129 989 1606 1047 SPONSALIA.
1643 989 1836 1045 NIVE
1878 987 2269 1046 CONVIVIA
2305 987 2655 1046 PVBLICA
2695 989 3019 1047 POSTEA
3057 991 3145 1049 IN

626 1085 798 1142 EVM
837 1085 1039 1142 DIEM
1084 1086 1107 1143 ιι
1161 1084 1376 1142 EOVE
1417 1083 1574 1140 DIE.
1622 1082 1763 1154 QVI
1801 1081 1985 1138 DIES
2029 1081 2240 1137 ERIT.
2285 1082 2361 1137 A.
2407 1083 2481 1138 n.
2527 1083 2720 1140 VIIII.
2763 1084 2837 1139 K.
2883 1084 3136 1142 MART.

626 1178 898 1235 FIANT.
927 1176 1552 1236 CONCIPIANTVR.
1581 1175 2252 1234 INDICANnTVRVE.
2284 1175 2477 1233 NIVE
2512 1175 2654 1248 QVI
2679 1177 2874 1235 LVDI
2901 1177 3143 1236 SCAE-

623 1269 1436 1343 *N1CLVCIRCIENSESVE
1476 1270 1583 1327 EO
1623 1270 1761 1327 DIE
1801 1269 2071 1326 FIANT.
2117 1269 2755 1329 SPECTENTVRVE
2783 1272 2807 1329 ιι
2834 1271 3138 1345 VTIOVE

627 1365 733 1423 EO
795 1364 955 1422 DIE.
1027 1364 1272 1437 QVOD.
1336 1364 1580 1422 ANNIS
1635 1361 1980 1420 PVELICE
2035 1346 2400 1420 MANIEVS
2455 1363 2637 1423 EIVS
2693 1365 2845 1423 PER
2898 1360 3181 1425 MAOI-¹

627 1444 1026 1518 STRATVS.
1085 1458 1347 1516 EOSVE
1411 1459 1435 1516 ιι
1507 1457 1647 1530 QVI
1698 1439 1932 1514 PISIS.
1992 1457 2179 1514 IVRE
2246 1457 2608 1514 DICVNDO
2676 1459 3136 1519 PRAERVNT.

625 1553 909 1611 EODEM
949 1552 1186 1613 LOCO.
1240 1550 1690 1623 EODEMQVE
1729 1549 1964 1608 MODO
2008 1550 2174 1622 QVO
2239 1550 2265 1609 ιι
2332 1551 2405 1608 L.
2450 1552 2798 1612 CAESARI
2835 1555 3140 1614 PAREN-

624 1634 827 1705 ΤΑΕ-Ι·
863 1645 1374 1704 INSTITVTVM
1425 1644 1601 1703 EST.
1663 1645 2231 1702 PARENTETVR.
2278 1670 2281 1675 -

772 1740 1078 1813 VTIQVE
1131 1738 1393 1797 ARCVS
1452 1738 2023 1797 CELERERRIMO
2074 1738 2488 1797 COLONIAE
2539 1741 2870 1801 NOSTRO
2912 1743 3133 1804 LOCO

624 1834 1279 1893 CONSTITVATVR.
1343 1832 1766 1891 ORNAnTVS
1807 1831 2162 1891 SPOLEIS.
2219 1834 2774 1893 DEVICTARVM.
2829 1837 2995 1896 AVT
3044 1838 3134 1896 IN

620 1929 876 1988 FIDEM
914 1927 1465 1986 RECEPTARVM
1505 1926 1612 1982 AB
1651 1926 1759 1982 EO
1804 1926 2196 1984 GENTWM.
2242 1926 2500 1986 SVPER
2538 1930 2562 1986 ιι
2600 1930 2771 1987 EVM
2805 1930 3137 1991 STATVA

622 2021 1071 2082 PEDESTRIS
1151 2020 1410 2079 IPSIVS
1490 2019 2000 2077 TRIVMPIIALI
2064 2020 2422 2079 ORNATV2.
2491 2022 2894 2095 CIRCAQVE
2960 2026 3137 2085 EAM

622 2118 845 2177 DVAE
909 2117 935 2176 ιι
999 2114 1477 2188 EQVESTRES
1517 2113 2017 2172 INAVRATAE.
2064 2095 2233 2172 GAI.
2290 2115 2397 2173 ET
2438 2098 2651 2176 LVCI.
2696 2117 3137 2177 CAESARVM

625 2209 1004 2272 STATVAE
1050 2208 1515 2268 PONANTVR.

773 2312 1079 2387 VTIQVE
1123 2312 1292 2369 CVM
1330 2309 1650 2369 PRIMVM
1687 2311 2163 2371 PERLEGEM
2205 2311 2638 2371 COLONIAE.
2669 2314 2858 2373 DVO.
2887 2316 3132 2376 VIROS

622 2408 941 2469 CREARE
1001 2407 1107 2464 ET
1161 2404 1485 2463 HABERE
1539 2405 2126 2464 POnTVERIMvs.
2180 2389 2246 2463 II
2283 2407 2451 2465 DVO
2494 2407 2683 2466 VI-RI.
2728 2409 2869 2482 QVI
2906 2411 3137 2470 PRIMI

623 2504 920 2562 CREATI
960 2500 1256 2559 ERVNT.
1299 2500 1464 2557 Hoc
1506 2499 1728 2572 QVOD
1784 2500 2384 2558 DECVRIONIBVS
2448 2502 2474 2559 ιι
2541 2502 2648 2558 ET
2699 2503 3129 2565 VNIVERSIS

588 2594 997 2657 ,COLONIS
1040 2595 1414 2652 PLACVIT.
1458 2595 1571 2651 AD
1611 2593 2125 2652 DECVRIONES
2164 2594 2619 2653 REFERANT.
2661 2596 2945 2656 EORVM
2991 2600 3127 2658 Pvu

619 2691 866 2751 ELICA
923 2687 1504 2748 AVCTORITATE
1563 2688 1983 2746 ADHIBITA.
2043 2687 2466 2747 LECITVME
2524 2690 2607 2748 ID
2666 2691 3126 2752 CAVEATVR.

620 2782 1304 2855 AVCTORIRVSQVE
1370 2784 1393 2842 ιι
1455 2766 1566 2841 IIS
1608 2783 1695 2840 IN
1750 2782 2128 2841 TABVLAS
2181 2783 2578 2842 PVBLICAS
2619 2785 3126 2846 REFERATVR.

618 2878 979 2940 INTEREA
1050 2878 1124 2933 T.
1189 2875 1727 2935 STATVLENVS
1792 2876 2111 2935 IVNCVS.
2177 2877 2514 2935 FLAMEN
2585 2879 3125 2940 AVGVSTALIS.

617 2972 940 3033 PONTIF.
986 2970 1267 3028 MINOR.
1311 2969 1837 3029 PVBLICORVM
1875 2971 1945 3027 P.
1984 2971 2055 3028 R.
2093 2970 2534 3029 SACRORVM
2574 2973 3125 3033 ROGAREnTVR.

487 3107 490 3118 .
619 3069 762 3127 VTI
802 3053 971 3124 CVM
1010 3064 1361 3122 LEGATIS
1405 3062 1845 3124 EXCVSATA
1884 3065 2344 3123 PRAESENTI
2386 3066 2796 3125 COLONIAE
2835 3069 3132 3128 NECES-

621 3159 940 3244 SITATE.
997 3158 1161 3216 HOC
1213 3147 1250 3217 ¹ss
1314 3158 1698 3217 OFFICIVM
1746 3159 2161 3218 PVBLICVM
2206 3160 2314 3217 ΕΤ
2354 3160 2919 3219 VOLVNTATEM
2958 3163 3133 3221 VNI-

618 3251 1062 3315 VERSORVM
1124 3251 1474 3310 LIBELLO
1538 3253 1902 3330 REDDITO
1978 3253 2003 3310 ΙΙ
2072 3253 2237 3310 ΙΜΡ.
2307 3253 2676 3313 CAESARI.
2741 3253 3128 3315 AVGVSTO

617 3348 867 3407 PATRI
905 3347 1286 3405 PATRIAE.
1328 3346 1649 3405 PONTIF.
1694 3345 2101 3405 MAXSIMO.
2145 3346 2669 3408 TRIBVNICIAE
2714 3349 2739 3408 ΙΙ
2780 3350 3126 3409 POTEST.

614 3441 846 3501 XXVI.
895 3442 1251 3499 INDICET.
3192 3453 3202 3458 ·

769 3545 1022 3618 IDOVE
1097 3546 1172 3601 T.
1250 3542 1789 3603 STATVLENVS
1860 3544 2178 3604 IVNCVS.
2256 3543 2649 3602 PRINCEPS
2715 3544 3127 3603 COLONIAE

615 3638 1022 3716 NOSTRAE.
1066 3637 1422 3695 FLAMEN.
1468 3639 1797 3697 AVGVST
1856 3639 1880 3697 ιι
1936 3640 2258 3697 PONTIF.
2304 3638 2565 3696 MINOR
2604 3637 3127 3698 PVBLICORVM

617 3735 686 3791 P.
731 3734 803 3791 R.
850 3731 1315 3791 SACRORVM.
1360 3731 1732 3789 LIBELLo.
1777 3735 1920 3791 ITA
1956 3734 2100 3791 VTI
2141 3733 2403 3790 SVPRA
2446 3731 2852 3790 SCRIPTVM
2886 3733 2911 3790 ιι
2942 3731 3119 3791 EST.

614 3825 1124 3884 IMPERATORI
1162 3825 1509 3885 CAESARI
1548 3827 1958 3886 AVGVSTo.
2002 3825 2325 3885 PONTIF.
2381 3825 2738 3883 MAx1MO.
2796 3826 3123 3883 TRIEVN.

613 3919 959 3978 POTEST.
986 3908 1212 3976 W
1250 3919 1412 3975 PAT
1458 3919 1482 3976 ιι
1525 3920 1881 3978 PATRIAE
1922 3920 2303 3978 REDDITO.
2347 3919 2712 3977 FECERIT.
2756 3919 3124 3977 PLACERE

618 4013 1172 4072 CONSCRIPTIS.
1217 4012 1437 4086 QVAE
1477 4013 1553 4070 A.
1598 4014 1674 4071 n.
1717 4016 1855 4071 IIII.
1898 4014 2173 4073 NONAS
2214 4013 2558 4072 APRILES
2605 4014 2629 4070 ιι
2675 4013 2895 4086 QVAE
2937 4013 3119 4071 SEx.

616 4108 864 4165 AELIO
908 4107 1147 4166 CATO.
1199 4107 1267 4165 C.
1314 4106 1611 4165 SENTIO
1655 4107 2126 4166 SATVRNINO
2162 4107 2343 4166 COS.
2387 4107 2786 4165 FVERVNT.
2828 4107 3122 4165 FACTA.

615 4202 856 4259 ACTA.
902 4200 1466 4259 CONuSTITVTA
1506 4201 1742 4259 SVNT.
1800 4203 1953 4261 PER
2006 4177 2494 4260 CONSENSVM
2535 4200 2862 4258 OMNrVM
2902 4200 3130 4276 ORnIf

614 4295 814 4353 NVM.
882 4296 991 4352 EA
1045 4295 1308 4352 OMNIA
1358 4295 1503 4351 ITA
1554 4296 1788 4352 FIERI.
1852 4296 2014 4362 AGI.
2078 4295 2440 4368 IIAuEERI.
2504 4292 3126 4366 OPSERVARIOVE

614 4389 724 4446 AR
765 4379 837 4445 L.
883 4388 1110 4445 TITIO
1151 4389 1227 4445 A.
1270 4390 1339 4446 F.
1384 4389 1492 4445 ET
1534 4390 1608 4445 T.
1652 4390 1901 4448 ALLIO
1942 4390 2015 4447 T.
2058 4391 2128 4448 F.
2173 4390 2415 4447 RVFO.
2444 4379 2530 4446 Τι’.
2579 4388 2816 4447 VIRIS.
2863 4390 2971 4446 ET
3016 4388 3126 4446 AB

614 4483 765 4541 EIS.
812 4482 1327 4555 QVICVMuQVE
1367 4482 1692 4540 POSTEA
1722 4484 1806 4540 IN
1833 4483 2193 4542 COEONIA
2217 4484 2550 4556 NOSTRA
2564 4473 2655 4540 Τι’.
2686 4483 2845 4542 VIR.
2880 4482 3131 4542 PRAE-

613 4575 872 4634 FECTI.
919 4575 1100 4634 SIVE
1143 4575 1284 4648 QVI
1321 4559 1466 4633 ALI
1503 4558 2092 4636 MAGISTRATVS
2138 4580 2163 4637 ιι
2208 4579 2502 4636 ERVNT.
2535 4577 2800 4634 OMNIA
2828 4576 2915 4633 IN
2941 4576 3133 4634 PER-

611 4669 973 4728 PETVOM.
1033 4669 1178 4726 ITA
1228 4669 1462 4726 FIERI.
1507 4671 1682 4728 ²AGI.
1739 4672 2043 4730 HABERI
2096 4671 2719 4742 OPSERVARIQVE
2772 4670 2995 4743 VTIO
3049 4669 3125 4726 L.

615 4762 889 4821 TITIVS
948 4763 974 4820 ιι
1028 4763 1107 4820 A.
1163 4763 1232 4819 F.
1290 4763 1364 4818 T.
1420 4763 1714 4822 ALLIVS
1773 4767 1848 4822 T.
1901 4767 1970 4824 F.
2016 4756 2405 4824 RVFVS.IT
2440 4766 2627 4822 VIRI.
2689 4764 2797 4821 EA
2839 4763 3126 4822 OMNIA.

617 4855 835 4928 QVAE
891 4855 1500 4916 SVPRASCRIPTA
1555 4856 1789 4917 SVNT.
1843 4860 1959 4918 Ex
2009 4861 2327 4919 DECRET
2387 4861 2412 4918 ιι
2472 4857 2802 4917 NOSTRO
2844 4856 3131 4915 CORAM
