3502 5487
662 506 757 572 64'

663 667 851 713 quoque
891 653 940 697 in
984 652 1187 697 diversis
1229 651 1331 697 suis
1367 649 1505 695 libris
1551 652 1720 697 eadem
1768 664 1884 696 saxa
1918 654 2122 707 repetit,
2178 653 2460 698 nominatim
2509 654 2559 697 in
2602 653 2718 708 illo,
2779 654 2857 698 cui
2903 652 3044 699 index
3087 660 3166 699 est
3203 687 3210 693 .

660 736 973 788 Becher-ebes
1025 740 1288 785 curteum:
1332 737 1643 799 d’antiquied.
1680 738 1827 799 Lrou
1865 737 1996 785 1683
2015 772 2027 795 ,
2068 737 2142 795 4.,
2198 740 2367 786 Latine
2407 754 2550 787 verso
2585 742 2632 786 in
2680 739 2855 786 Polem'
2899 739 3166 802 Thesauro

662 831 727 876 T.
767 831 855 875 lv.
926 829 1109 874 Eadem
1141 829 1289 887 igitur
1317 841 1373 872 ac
1405 824 1646 889 Maffeius
1694 829 1901 874 lectores
1935 829 2087 873 afficit
2119 829 2370 883 molestia,
2420 831 2707 885 praesertim
2743 828 2980 874 indicibus
3014 843 3162 888 quum

662 923 845 965 eareat.
940 918 1189 963 Acerrima
1225 914 1519 961 SPONWM
1553 929 1756 960 censura
1803 917 1861 961 de
1905 917 2148 973 epitaphio
2190 918 2393 976 quodam
2429 912 2580 973 (Μηνὶ
2624 914 2751 973 152,
2792 915 2866 974 4.)
2901 919 3162 963 insectatur

660 1005 829 1063 Lupus
871 1003 1010 1065 Epa.
1048 1005 1276 1055 Senme-
1315 1018 1365 1061 p.
1407 1000 1491 1049 51.

804 1094 1118 1153 stmRvs
1149 1089 1500 1149 (Sei-aplanus)
1526 1105 1572 1135 v.
1599 1088 1825 1136 Donium
1860 1105 1908 1148 p.
1939 1089 2058 1137 567.
2099 1093 2146 1137 in
2179 1092 2393 1138 Elencho
2431 1093 2698 1149 librorum,
2736 1093 2906 1152 quibus
2930 1098 3006 1140 est
3027 1107 3160 1140 usus.

661 1181 728 1230 N.
770 1180 855 1229 27.
915 1181 1237 1226 Vitiosissime
1276 1182 1317 1227 is
1354 1181 1482 1225 dedit
1516 1180 1852 1235 inscriptiones
1889 1180 2069 1238 aliquot
2104 1170 2463 1236 Hispanienses.

800 1270 1047 1315 STRADA
1082 1268 1395 1327 (Feminam)
1432 1267 1508 1314 Ex
1541 1278 1600 1314 eo
1641 1269 1964 1315 commentitia
2007 1268 2129 1313 haud
2170 1282 2320 1325 pauca
2361 1270 2439 1313 dat
2479 1267 2731 1315 Gruterus
2766 1269 2813 1314 in
2851 1270 3060 1326 spuriis.

799 1357 1153 1403 TARENTINI
1186 1357 1331 1403 tituli.
1406 1357 1671 1414 „Plerique
1707 1357 1987 1411 Tarentini,
2025 1356 2365 1414 ulteriorisque
2396 1357 2649 1402 Calabriae
2680 1358 2802 1402 tituli
2827 1371 3017 1415 semper
3037 1357 3155 1402 mihi

658 1447 751 1493 visi
810 1451 919 1492 sunt
958 1447 1286 1504 antiquitatem
1333 1444 1547 1490 mentiri.
1643 1445 1767 1491 Vide
1821 1445 1953 1489 Mur.
2006 1440 2102 1500 10,
2155 1441 2205 1489 8.
2259 1443 2353 1500 11,
2414 1442 2463 1491 7.
2522 1441 2618 1501 5⁸),
2674 1442 2723 1492 5.
2779 1442 2908 1502 139,
2961 1443 3021 1500 3,
3073 1442 3160 1491 43·

659 1536 833 1581 Saxius
869 1532 1022 1581 Μία.
1065 1532 1116 1580 3.
1155 1548 1203 1591 p.
1246 1530 1331 1578 30.

803 1622 1142 1669 TAVLERVS
1190 1619 1579 1678 (Beneventum)
1627 1618 1702 1664 Ex
1751 1620 1853 1665 eius
1900 1617 2132 1666 Historia
2175 1619 2355 1665 Atinae
2398 1620 2548 1677 Neap.
2603 1617 2754 1667 1702.
2800 1622 3157 1677 suspectissima

658 1713 890 1769 quaedam
931 1711 1075 1756 habet
1121 1710 1452 1766 Muratorius,
1502 1708 1649 1753 veluti
1700 1704 1797 1764 42,
1848 1705 1899 1753 5.
1976 1708 2134 1764 Quum
2167 1713 2323 1754 tamen
2362 1709 2517 1764 ipsum
2561 1709 2739 1754 librum
2785 1722 2880 1754 noa
2920 1708 3121 1753 viderim
3135 1687 3168 1764 ,-

658 1800 888 1845 iudicium
931 1799 1171 1844 contineo.
2063 1826 2069 1831 ·

799 1887 1143 1932 'mammas
1190 1898 1233 1930 s.
1289 1884 1617 1930 Tnamms
1645 1915 1660 1939 ,
1732 1882 1882 1929 Italus
1934 1873 2338 1967 tpevfflbyvpog
2382 1886 2490 1930 Sec.
2539 1884 2656 1931 XV.
2710 1885 2965 1941 Pomponii
3015 1884 3155 1930 Laeti
3207 1936 3218 1945 θ

659 1975 931 2020 academiae
983 1974 1280 2030 adscriptus,
1331 1986 1389 2019 ac
1426 1973 1503 2018 vel
1545 1984 1608 2018 ex.
1641 1972 1853 2017 Homero
1895 1974 2178 2030 simpliciter
2199 2005 2213 2028 ,
2263 1974 2367 2028 vel,
2419 1974 2528 2031 quia
2564 1988 2592 2018 a
2638 1973 2987 2030 posterioribus
3020 1986 3068 2018 y.
3107 1988 3154 2019 c.

657 2062 949 2117 Plutarcho,
988 2060 1349 2107 Titanomachia
1390 2063 1550 2117 prisco
1577 2060 1648 2105 illi
1675 2063 1845 2116 poe‘tae
1879 2060 2133 2116 tribuitur,
2173 2066 2409 2118 tamquam
2432 2060 2730 2106 Christianae
2766 2062 3153 2117 superstitionis,

590 2166 594 2171 ·
658 2150 734 2207 (ut
778 2150 999 2195 dicebant
1037 2149 1238 2206 Romae)
1282 2150 1616 2204 adversarius,
1664 2148 1757 2194 hoc
1791 2150 1982 2194 nomine
2018 2149 2270 2208 insignitus
2292 2180 2305 2204 ,
2345 2150 2403 2194 de
2438 2164 2533 2207 quo
2566 2150 2684 2195 haec
2719 2148 2862 2195 hahet
2893 2150 3159 2208 Pogginius

658 2239 708 2284 in
742 2235 913 2283 Fastis
946 2251 996 2294 p.
1038 2233 1156 2283 10⁴.
1229 2237 1468 2292 „Demum
1492 2250 1667 2292 operae
1696 2239 1903 2293 pretium
1928 2250 2035 2283 esse
2070 2237 2225 2282 sentio
2260 2237 2437 2294 aliquid
2474 2238 2660 2292 dicere,
2699 2250 2786 2282 cur
2814 2239 2958 2284 etiam
2980 2238 3155 2283 Pastos

659 2327 771 2373 illos
800 2324 1244 2382 praetermiserim,
1296 2337 1418 2385 quos
1458 2323 1662 2370 Iacobus
1692 2324 1969 2370 Mazochius
2000 2325 2146 2370 edidit
2173 2324 2262 2370 sub
2298 2326 2388 2370 hoc
2420 2326 2590 2372 titulo:
2626 2322 2769 2371 Foeta·
2798 2340 2896 2371 sex
2921 2327 3155 2385 priorum

656 2414 907 2460 mensium
949 2427 1018 2459 ex
1052 2414 1256 2473 antiquo
1282 2426 1534 2458 marmore
1564 2413 1759 2458 invento
1795 2427 1891 2472 per
1927 2410 2244 2472 Thamyram
2282 2412 2394 2458 sub·
2411 2411 2707 2473 Capitolinis
2748 2413 2919 2459 ruinis
2935 2446 2949 2470 ,
3005 2415 3157 2460 cuius

657 2503 932 2550 marmor-ie
978 2502 1144 2547 altera
1174 2515 1309 2560 pars
1352 2501 1574 2560 reliquos
1621 2502 1774 2545 etiam
1820 2514 1920 2545 sea·
1965 2514 2164 2546 menses
2210 2499 2322 2546 sim
2369 2500 2538 2546 Fastis
2578 2501 2859 2547 continebat
2878 2515 2903 2558 ;
2971 2504 3156 2548 scilicet

656 2592 915 2637 manifesto
958 2591 1233 2647 suppositos
1280 2604 1366 2636 eos
1410 2588 1626 2634 arbitror
1647 2620 1660 2643 ,
1724 2590 1851 2647 quod
1896 2591 2223 2645 praesensisse
2268 2590 2384 2634 mihi
2431 2590 2651 2635 videntur
2696 2590 2841 2636 etiam
2883 2590 3150 2645 Gruterus,

657 2681 832 2739 aliique
879 2681 1180 2738 antiquarum
1215 2678 1580 2735 inscriptionum
1627 2676 1925 2723 collectores
1947 2709 1963 2732 ‚
2024 2679 2292 2736 veterisque
2334 2677 2606 2723 Calendarii
2646 2678 2973 2723 Romanorum
3014 2693 3155 2725 enar-

655 2775 846 2815 ratores
868 2801 884 2825 ‚
946 2770 1069 2825 apud
1119 2780 1240 2826 quos
1288 2768 1416 2812 nulla
1463 2770 1539 2813 est
1582 2780 1751 2811 eorum
1797 2766 1996 2811 mentio.
2102 2766 2169 2811 Et
2214 2767 2431 2822 profecto
2477 2768 2756 2813 Mazochius
2810 2769 2968 2813 locum
2994 2800 3010 2824 ,
3071 2768 3151 2812 uhi

656 2871 874 2904 marmor
921 2858 1261 2906 adservantur
1282 2886 1297 2911 ,
1335 2855 1603 2900 nullatenus
1643 2854 1852 2910 indicat3
1908 2854 1998 2898 etsi
2047 2854 2141 2898 alia
2185 2853 2323 2899 huius
2368 2856 2562 2913 generis
2598 2869 2841 2900 marmora
2875 2856 3154 2902 describens

658 2945 751 2991 hoc
788 2944 1043 3002 diligenter
1076 2945 1304 2988 adnotare
1341 2954 1578 2999 nunquam
1608 2941 1802 2986 omittit.
1875 2941 2139 2987 Praeterea
2171 2942 2244 2987 illi
2276 2943 2367 2998 ipsi
2396 2943 2527 2988 Fasti
2563 2958 2617 2988 se
2651 2947 2857 3000 produnt
2891 2942 3152 3003 confictos;

659 3033 962 3079 solummodo
999 3032 1126 3076 enim
1167 3032 1269 3076 dies
1305 3034 1496 3085 notant,
1547 3042 1668 3088 quos
1710 3027 1909 3074 Ovidius
1942 3029 2190 3074 describit.
2283 3031 2487 3076 Fraudis
2522 3037 2689 3077 auctor
2725 3033 2991 3088 Thamyras
3033 3046 3153 3078 unus

656 3122 750 3167 fuit
784 3134 843 3167 ex
881 3119 1027 3165 sociis
1063 3118 1267 3165 celebris
1302 3119 1431 3164 illius
1466 3118 1746 3163 Academiae
1780 3117 2057 3172 Romanae,
2106 3132 2244 3176 quam
2284 3120 2578 3176 Pomponius
2612 3120 2788 3166 Laetus
2823 3122 3053 3176 instituit,
3105 3125 3156 3167 et

657 3211 710 3257 in
758 3222 850 3268 qua
886 3209 976 3253 hoc
1011 3221 1130 3263 opus
1152 3239 1166 3263 ,
1208 3211 1259 3252 et
1298 3207 1374 3252 hic
1421 3206 1560 3250 labor
1606 3206 1698 3251 fuit
1742 3207 2056 3263 praecipuus,
2108 3213 2159 3252 ut
2191 3209 2390 3265 quisque
2426 3208 2623 3253 Latinos
2658 3214 2847 3255 veteres
2882 3211 3153 3266 Scriptores

659 3303 763 3344 tum
791 3299 840 3342 in
866 3297 1150 3351 scribendo,
1189 3300 1290 3340 tum
1313 3295 1361 3340 in
1387 3296 1622 3354 loquendo
1652 3295 1964 3354 aequiparare
1993 3295 2151 3350 potius
2182 3309 2322 3353 quam
2356 3297 2535 3341 imitari
2571 3302 2839 3355 satagerem
2876 3311 2962 3343 nec
2998 3298 3153 3342 inanis

657 3391 735 3434 est
768 3385 1007 3442 suspicio,
1070 3385 1195 3442 quod
1233 3385 1466 3442 quaedam
1501 3389 1635 3428 vetus
1672 3383 1862 3428 Latium
1902 3385 2121 3430 sonantia
2152 3382 2503 3440 confinxerint,
2558 3390 2612 3430 ut
2644 3386 2737 3431 sibi
2773 3386 2973 3431 invicem
3007 3385 3155 3430 veluti
3189 3399 3196 3404 ·

658 3488 748 3532 per
784 3475 944 3520 iocum
980 3473 1251 3518 illuderent.
1351 3472 1587 3528 Quoniam
1621 3484 1737 3517 vero
1785 3473 1902 3528 ipsis
1951 3472 2094 3517 etiam
2134 3473 2313 3527 placuit
2356 3470 2466 3517 ficta
2510 3473 2602 3518 sibi
2649 3474 2840 3519 nomina
2874 3474 3149 3529 imponere,

659 3564 823 3608 nescio
872 3565 978 3620 quis
1027 3562 1221 3607 latuerit
1260 3560 1350 3605 suh
1385 3560 1656 3614 Thamyrae
1692 3561 1915 3614 nomine,
1973 3559 2061 3604 sub
2098 3567 2192 3618 quo
2228 3573 2336 3605 eum
2383 3575 2573 3616 semper
2619 3568 3043 3607 commemoratum
3080 3563 3153 3606 in-

658 3652 786 3697 veni.
872 3649 995 3696 Novi
1031 3655 1187 3695 tamen
1223 3648 1434 3694 nobilem
1475 3648 1745 3693 Romanum
1780 3649 1928 3693 fuisse
1972 3662 2029 3692 ex
2065 3648 2186 3693 Cod.
2232 3650 2345 3694 Vat.
2386 3645 2541 3696 2836.
2581 3651 2697 3694 olim
2730 3651 2897 3709 Angeli
2933 3650 3150 3705 Colocii‚

660 3739 743 3785 ubi
780 3739 1052 3795 Thamyrae
1089 3742 1243 3784 exstat
1278 3736 1448 3782 Oratio
1490 3737 1539 3780 in
1575 3735 1764 3781 Laurea
1797 3733 2040 3781 Laurentii
2080 3738 2391 3783 Bonincontri
2426 3739 2756 3792 Miniatensis,
2819 3743 2867 3783 et
2898 3739 3021 3783 Aelii
3057 3712 3158 3783 lla-³

657 3828 827 3889 gusei,
890 3842 1010 3887 quae
1059 3828 1107 3872 in
1150 3826 1402 3885 marginali
1450 3828 1561 3869 nota
1607 3825 1780 3869 dicitur
1828 3822 2004 3869 Oratio
2043 3823 2335 3884 Thamyrae
2371 3824 2556 3870 nobilis
2596 3824 2833 3880 Romani,
2884 3830 2933 3871 et
2969 3827 3017 3870 in
3059 3840 3153 3884 qua

660 3923 827 3963 auctor
866 3916 1185 3972 Pomponium
1222 3914 1407 3966 laudat,
1460 3917 1507 3957 et
1541 3917 1904 3968 praeceptorem
1948 3926 2088 3957 suum
2127 3913 2349 3969 appellat.
2433 3914 2696 3959 Praeterea
2726 3916 2852 3971 quod
2889 3914 3154 3968 Thamyras

659 4005 935 4059 curaverit,
1000 4010 1050 4049 ut
1105 4002 1309 4047 Pontani
1360 4013 1479 4057 opus
1526 3998 1587 4045 de
1632 3998 2057 4060 Magnanimitute
2107 4002 2329 4046 ederetur
2355 4033 2370 4056 ,
2432 4007 2633 4046 testatur
2683 4001 2817 4048 Petri
2870 4002 3154 4046 Summontii

662 4094 901 4150 epistola:
942 4098 989 4137 et
1022 4093 1146 4149 quod
1183 4092 1229 4135 in
1266 4091 1454 4145 poetica
1488 4088 1709 4134 facultate
1746 4093 1914 4143 potens
1956 4088 2119 4145 fuerit,
2159 4090 2295 4135 testis
2331 4095 2403 4134 est
2444 4089 2549 4135 ioh.
2586 4091 2801 4147 Baptista
2840 4091 2957 4136 Pius
2991 4091 3153 4135 Bono·

661 4181 874 4235 niensis,
912 4193 943 4224 a
978 4192 1073 4236 quo
1106 4177 1195 4222 lib.
1234 4176 1324 4222 111.
1364 4175 1515 4237 Eleg.
1554 4177 1850 4232 appellatur:
2572 4171 2576 4175 ’

935 4265 1099 4313 Pieria·
1137 4263 1429 4325 Thamyras
1459 4265 1631 4325 gloria
1662 4265 1836 4322 prima
1869 4251 2030 4308 chori.

660 4357 876 4403 liabetur
924 4369 1110 4416 quoque
1159 4355 1395 4409 impressa
1442 4353 1545 4398 eius
1597 4354 1665 4397 ad¹
1701 4352 1871 4397 Divum
1925 4353 2098 4398 Iulium
2151 4353 2216 4397 11.
2270 4352 2414 4398 Pont.
2464 4353 2598 4398 Max.
2650 4356 2817 4414 ecloga
2844 4386 2857 4408 ‚
2919 4354 3002 4400 sed
3049 4354 3155 4399 sine

662 4447 804 4500 anni,
866 4448 915 4490 et
960 4450 1183 4500 typorum
1218 4447 1328 4487 nota
1365 4442 1413 4486 in
1452 4438 1535 4496 ⁴..
1597 4454 1780 4486 necnon
1817 4442 2228 4500 epigrammatium
2265 4443 2314 4486 in
2357 4442 2485 4487 libro
2533 4444 2763 4499 inscripto
2800 4440 3115 4504 Cor-erri'ana
3132 4454 3159 4494 ,·

662 4548 757 4594 quo
794 4535 843 4579 in
879 4533 1036 4586 libro,
1100 4527 1227 4577 edito
1264 4544 1343 4575 an.
1383 4529 1707 4584 mnxxlv„
1757 4529 2001 4574 francisci
2052 4530 2236 4574 Arsillii
2291 4531 2664 4590 Senogalliensis
2702 4531 2892 4576 libellus
2928 4531 3156 4575 inseritur

662 4625 722 4668 ad
762 4622 981 4668 Paullum
1031 4619 1212 4664 lovium
1254 4616 1315 4662 de
1356 4615 1521 4662 Poetis
1561 4615 1809 4672 Urbanie,
1870 4620 1997 4663 inter
2037 4631 2157 4676 quos
2201 4618 2467 4673 Thamyras
2503 4619 2570 4662 ita
2612 4624 3039 4673 commemoratur,
3105 4622 3157 4662 ut

664 4714 877 4758 videatur
913 4712 1009 4755 iam
1044 4713 1142 4758 tum
1180 4722 1205 4751 e
1241 4707 1361 4750 vivis
1398 4707 1693 4750 excessisse:
3069 4699 3078 4706 ’

704 4789 709 4794 ’
940 4797 1006 4844 At
1038 4793 1182 4841 modo
1217 4794 1330 4853 quis
1369 4789 1661 4852 Thamyrae
1695 4790 1946 4837 citharam
1980 4806 2078 4838 non
2114 4793 2303 4849 noscit,
2341 4798 2569 4853 amatque
2587 4792 2613 4838 2

1079 4881 1248 4930 Aurea
1283 4881 1370 4927 cui
1401 4879 1559 4927 auido
1591 4886 1797 4940 pectore
1825 4894 1949 4926 vena
1969 4877 2134 4941 [αὔθ’
2169 4905 2235 4916 —
