3502 5487
1154 391 1204 458 §-
1249 398 1342 448 ιο.
1422 389 1796 448 FRATRES
1835 389 2235 448 ARVALES.
2829 395 2939 456 σοι

442 528 592 585 Item
641 540 778 604 post
831 529 1140 586 meridiem
1182 550 1217 585 a
1251 528 1476 587 -balnco
1521 531 1821 588 cathedris
1867 532 2305 601 consederunt,
2361 532 2573 592 deinde
2617 533 2644 591 11
2687 535 2941 587 manibus

391 625 615 675 ‘lautis
639 661 856 680 .....
879 620 901 678 ’.
930 626 1226 681 cenatoria
1279 623 1412 681 alba
1456 637 1873 701 sumpserunt,
1931 638 1991 683 et
2034 629 2098 683 in
2142 626 2575 685 tricliniaribus
2622 625 2940 684 discubue-

440 709 616 783 runt,
674 729 733 773 et
770 698 988 792 epulati
1028 729 1199 775 sunt:
1257 720 1398 775 item
1435 721 1607 795 pueri
1657 720 1682 778 ll
1745 728 1977 791 ingenui
2012 723 2260 794 patrimi
2296 733 2355 778 et
2394 722 2686 787 matrimi,
2746 721 2938 779 Sena-

401 799 639 868 'torum
685 808 854 879 Filii,
914 831 1162 868 numero
1203 813 1338 869 1111.
1396 816 1458 869 iu
1510 814 1811 871 cathedris
1858 814 2261 872 consederunt
2321 826 2380 872 et
2422 816 2641 890 epulati
2689 828 2849 873 sunt.
2907 812 2932 873 fl

437 907 677 958 Fratres
721 900 973 962 Arvales
1021 906 1411 982 post‘epulas
1458 926 1641 983 super
1694 906 1981 965 toralibus
2040 912 2423 985 segmentatis
2482 908 2932 977 discubuerunt,

440 1010 501 1057 et
561 1010 727 1066 ture,
800 1002 939 1056 vino
1001 1002 1309 1067 feceruut,
1395 1012 1454 1057 et
1515 1021 1627 1077 per
1689 1021 1910 1078 pueros
1979 1015 2419 1079 praetextatos,
2497 1004 2524 1061 ll
2595 1005 2937 1060 Senatorum

437 1092 657 1161 Filios,
727 1105 786 1150 et
841 1092 1122 1151 Publicos
1181 1094 1254 1151 ad
1310 1095 1498 1151 Aram
1553 1097 1965 1170 pertulerunt,
2035 1108 2094 1154 et
2156 1109 2491 1172 unguenta,
2563 1108 2623 1154 et
2679 1113 2937 1155 coronas

439 1200 802 1262 acceperunt
847 1182 906 1245 et
951 1191 1011 1243 in
1057 1188 1326 1245 mantelis
1374 1189 1396 1246 ll
1431 1187 1745 1261 frumenta
1789 1209 2004 1247 rursus
2054 1194 2453 1267 contigerunt.
2535 1193 2685 1248 Item
2728 1206 2935 1248 mensa

440 1281 700 1349 secunda
746 1280 1129 1338 bellarioruui
1184 1283 1371 1338 divisa
1430 1294 1550 1348 est,
1622 1294 1679 1339 et
1730 1285 2032 1358 sportulas
2088 1296 2450 1359 acceperunt
2494 1283 2852 1343 Sacerdotes
2907 1279 2933 1345 fl

439 1374 827 1451 Imperatoris
890 1377 1047 1453 Aug.
1078 1420 1091 1443 ‚
1163 1387 1221 1431 et
1283 1379 1468 1433 ceteri
1533 1376 1930 1445 Sacerdotes,
2005 1381 2104 1455 qui
2168 1381 2565 1454 suprascripti
2631 1391 2809 1444 suut,
2879 1391 2941 1438 et

440 1489 643 1527 rosam
682 1471 934 1527 solutam
974 1470 1326 1536 diviserunt,
1371 1469 1568 1547 ibique
1611 1470 2037 1559 FELIQITER
2070 1468 2369 1529 dixerunt.
2454 1475 2615 1529 Item
2633 1473 2770 1529 1111.
2801 1472 2932 1530 Kal.

438 1563 642 1621 Iunias
694 1564 717 1622 11
767 1567 828 1621 in
870 1566 1035 1621 Luco
1090 1566 1249 1621 Deae
1296 1564 1442 1620 Diae
1483 1566 1756 1622 Alfenius
1794 1566 2115 1623 Avitianus
2166 1566 2575 1643 Promagister
2620 1567 2695 1626 ad
2748 1568 2949 1624 Aram

438 1658 764 1716 immolavit
800 1659 1083 1734 porcilias
1136 1659 1467 1734 piaculares
1507 1660 1583 1715 Π.
1622 1660 1773 1716 Luci
1811 1660 2201 1737 coinquendi,
2261 1672 2318 1718 et
2359 1662 2558 1736 operis
2592 1662 2615 1718 11
2647 1661 2929 1729 faciundi,

438 1748 521 1810 ibi
557 1771 803 1809 vaccam
847 1755 1230 1810 honorariam
1267 1754 1637 1821 immolavit,
1698 1765 1756 1809 et
1802 1754 1938 1810 inde
1992 1756 2055 1810 in
2105 1756 2419 1829 tetrastylo
2470 1773 2751 1814 reversus
2793 1754 2937 1812 sub-

438 1847 622 1904 selliis
671 1847 974 1915 consedit,
1034 1848 1244 1904 deinde
1293 1867 1571 1904 reversus
1623 1848 1696 1905 ad
1745 1848 1932 1904 Aram
1966 1848 1993 1905 11
2039 1859 2205 1905 extas
2252 1848 2509 1905 reddidit
2553 1849 2930 1925 porciliares.

434 1942 588 1999 Item
634 1943 696 1997 in
732 1924 943 2009 Circo,
1001 1944 1063 1997 in
1108 1942 1306 1998 foculo
1342 1940 1625 2019 argenteo
1672 1943 1883 2017 cespiti
1937 1953 2150 1999 ornato
2196 1954 2394 2000 extam
2438 1944 2747 2000 vaccinam
2793 1943 2933 2001 red-

437 2036 621 2103 didit,
690 2046 750 2091 et
805 2037 868 2091 in
928 2036 1240 2108 tetrastylo
1308 2039 1331 2091 11
1395 2055 1676 2107 reversus
1725 2047 1849 2104 est,
1920 2048 1979 2092 et
2023 2038 2084 2092 in
2131 2036 2335 2092 codice
2389 2039 2579 2103 cavit,
2651 2048 2710 2094 et
2755 2056 2933 2113 prae-

435 2139 661 2189 textam
698 2130 991 2204 deposuit,
1038 2140 1096 2185 et
1140 2132 1201 2186 in
1229 2130 1527 2205 papilione
1574 2149 1683 2186 suo
1725 2149 2005 2186 reversus
2053 2129 2210 2206 (est.)
2277 2131 2646 2191 Promeridie
2682 2142 2875 2190 autem
2892 2116 2931 2189 ³ss

434 2224 680 2305 Fratres
733 2223 988 2279 Arvales
1045 2235 1388 2298 praetextas
1443 2236 1838 2298 acceperuut,
1898 2235 1956 2280 et
2002 2225 2063 2280 in
2119 2224 2434 2297 tetrastylo
2493 2233 2926 2293 convenerunt,

438 2329 497 2374 et
534 2314 829 2374 subselliis
872 2318 1304 2385 consederunt,
1361 2328 1417 2374 et
1457 2306 1745 2374 caverunt
1795 2319 1818 2376 11
1871 2337 1934 2374 se
1981 2318 2274 2387 adfuisse,
2320 2330 2377 2374 et
2418 2337 2656 2375 sacrum
2694 2320 2928 2386 fecisse,
2978 2318 3001 2337 Γ

437 2423 497 2468 et
551 2411 835 2487 porcilias
886 2412 1220 2486 piaculares
1279 2411 1501 2487 epulati
1553 2423 1725 2479 sunt,
1785 2422 1844 2468 et
1899 2432 2204 2487 sanguem.
2300 2414 2514 2469 Postea
2567 2413 2703 2470 inde
2755 2431 2935 2489 prae-

433 2506 663 2562 textati'
694 2509 720 2565 11
770 2508 963 2580 capite
1003 2506 1227 2572 velato,
1286 2507 1449 2561 vittis
1495 2507 1713 2580 spiceis
1762 2509 2033 2563 coronati
2072 2506 2303 2563 Lucum
2341 2507 2814 2572 adscenderunt,
2871 2516 2933 2563 et

434 2619 547 2676 per
583 2600 863 2656 Alfenum
902 2598 1251 2655 Avitiauum
1289 2599 1770 2674 Promagistrum
1812 2619 2025 2676 agnam
2068 2600 2092 2658 11
2143 2600 2401 2676 opimam
2451 2600 2928 2666 immolaverunt,
3002 2642 3005 2643 ν

436 2706 495 2751 et
544 2695 773 2751 hostiae
822 2694 1151 2751 litationem
1201 2696 1611 2771 inspexerunt.
1697 2696 1970 2751 Perfecto
2034 2692 2335 2752 sacrificio
2400 2713 2605 2753 omnes
2672 2706 2807 2753 ture
2874 2705 2934 2753 et

436 2791 578 2846 vino
630 2789 935 2856 fecerunt,
995 2788 1205 2844 deiude
1262 2789 1286 2848 11
1343 2792 1576 2845 reversi
1618 2791 1681 2846 in
1735 2790 1961 2845 Aedem
2007 2791 2068 2845 in
2120 2808 2322 2846 mensa
2377 2808 2617 2846 sacrum
2661 2789 2935 2846 fecerunt

436 2883 602 2951 ollis,
672 2895 731 2940 et
787 2894 923 2939 aute
970 2882 1196 2938 Aedem
1255 2884 1316 2939 in
1363 2887 1586 2958 cespite
1632 2884 2040 2961 Promagister
2094 2896 2151 2940 et
2190 2885 2431 2940 Flamen
2488 2903 2728 2940 sacrum
2771 2884 2932 2941 fece-

433 2988 614 3038 runt.⁴
660 2977 685 3034 11
744 2977 893 3032 Item
934 2977 1099 3033 foras
1150 2977 1224 3033 ad
1262 2978 1450 3035 Aram
1496 2973 1748 3034 reversi*
1770 2980 2083 3035 thesauros
2129 2979 2441 3038 dederunt.
2523 2979 2671 3034 Item
2711 2975 2929 3035 flamen

431 3067 493 3128 et
515 3071 923 3148 Promagister
950 3072 1210 3147 scyphos
1239 3083 1554 3148 argenteos
1588 3091 1722 3128 cum
1756 3074 2062 3147 sumpuv'is
2102 3071 2233 3147 (sic)
2267 3072 2290 3129 11
2323 3057 2464 3129 vino
2507 3071 2751 3148 repletis
2792 3071 2927 3129 ante

432 3169 683 3233 ostium,
741 3165 871 3243 (et)
929 3155 1171 3221 acerras
1229 3163 1554 3242 (serentes)
1613 3177 1744 3222 ture
1798 3177 1857 3222 et
1894 3168 2035 3222 vino
2073 3167 2376 3232 fecerunt,
2434 3177 2492 3223 et
2532 3177 2667 3222 ante
2708 3167 2925 3252 ostium

433 3261 803 3326 restiterunt,
847 3269 907 3316 et
950 3259 1067 3316 duo
1108 3260 1183 3317 ad
1219 3261 1423 3337 fruges
1449 3260 1737 3335 petendas
1770 3260 1793 3317 11
1827 3279 1961 3316 cum
2000 3258 2261 3317 Publicis
2301 3260 2685 3318 desciderunt
2710 3258 2842 3334 (sic)
2871 3270 2929 3315 et

433 3355 667 3410 reversi
716 3354 922 3410 dextra
975 3353 1299 3421 dederunt,
1354 3354 1520 3410 laeva
1573 3365 1964 3430 receperunt,
2024 3354 2235 3411 deinde
2288 3354 2363 3410 ad
2416 3355 2767 3411 alterutrum
2810 3351 2927 3410 sibi
2980 3343 2989 3350 ’

432 3446 840 3512 reddiderunt,
892 3448 915 3507 ΙΙ
966 3459 1024 3504 et
1068 3446 1330 3505 Publicis
1375 3450 1578 3524 fruges
1628 3448 2040 3505 tradiderunt:
2100 3448 2311 3506 deinde
2357 3451 2419 3505 in
2465 3448 2691 3504 Aedem
2737 3450 2928 3503 intra-

434 3537 683 3609 verunt,
758 3551 816 3597 et
870 3541 1015 3599 ollas
1074 3546 1300 3617 precati
1363 3554 1533 3610 sunt,
1611 3553 1670 3600 et
1725 3544 1897 3600 ostiis
1942 3545 2215 3618 ‘apertis‘
2241 3561 2352 3618 per
2412 3541 2631 3598 clivum
2690 3542 2926 3600 iacllue-

431 3646 607 3703 runt3
665 3634 876 3692 deinde
922 3634 1215 3693 subselliis
1263 3623 2099 3704 marmoreis⁵consederuut3
2158 3648 2216 3693 et
2253 3655 2439 3712 panes
2476 3636 2775 3692 laureatos
2815 3653 2927 3709 per

432 3728 712 3788 Publicos
756 3733 962 3805 partiti
1006 3741 1176 3798 sunt,
1233 3730 1314 3788 ibi
1362 3748 1566 3814 omnes
1610 3732 1948 3787 lumemulia
2002 3733 2025 3789 ll
2075 3749 2211 3787 cum
2253 3732 2480 3805 rapinis
2537 3739 2920 3803 acceperunt,

315 3847 337 3864 ·'
431 3836 492 3882 et
528 3825 684 3882 Deas
723 3835 1270 3902 unguentaveruut,
1320 3837 1380 3882 et
1418 3825 1612 3900 Aedes
1652 3825 1816 3882 clusa
1855 3836 1979 3892 est,
2038 3843 2244 3882 omnes
2284 3825 2435 3881 foris
2473 3825 2781 3879 exierunt:
2839 3820 2924 3879 ibi
3012 3895 3023 3910 ὀ

432 3917 788 3977 Sacerdotes
840 3920 862 3975 11
915 3919 1063 3975 clusi
1108 3920 1430 3986 succincti,
1472 3917 1684 3978 libellis
1730 3920 2026 3994 acceptis,
2070 3938 2311 3975 carmen
2357 3917 2770 3974 descindentes
2811 3919 2922 3973 tri-

427 4013 804 4090 podaverunt
857 4014 919 4070 in
975 4010 1158 4070 verba
1213 4013 1393 4069 haec:
1462 4013 1625 4070 Enos
1675 4012 1861 4069 Lases
1906 4015 2110 4070 iuvate
2169 4013 2192 4070 11
2251 4012 2414 4069 Enos
2462 4011 2646 4068 Lases
2700 4013 2919 4075 iuvate,

425 4107 592 4164 Enos
630 4107 820 4165 Lases
860 4109 1078 4164 iuvate.
1158 4106 1322 4164 Neve
1368 4106 1638 4163 Luaerve
1679 4105 1993 4180 Max-mast)
2029 4109 2155 4162 sins
2207 4108 2519 4163 incurrere
2568 4108 2627 4162 in
2661 4104 2917 4181 plebi-es.

428 4220 577 4258 neve
628 4201 865 4258 Luerve
917 4202 1184 4258 Marmar
1238 4201 1264 4258 11
1319 4207 1440 4256 sins
1488 4202 1798 4257 incurrere
1845 4203 1907 4257 iu
1952 4201 2209 4276 pleoris,
2284 4204 2430 4256 netle
2474 4200 2710 4259 Luerve
2759 4199 2925 4257 Mar-

427 4315 560 4352 mar
618 4315 748 4353 sers
803 4298 1115 4353 incurrere
1178 4298 1240 4351 in
1289 4294 1533 4371 pleuris.
1617 4293 1801 4352 Satur
1850 4296 2050 4351 furere
2099 4294 2265 4351 Mars
2323 4294 2503 4351 limen
2565 4294 2589 4351 ll
2653 4297 2774 4351 sale
2832 4306 2925 4352 sta

355 4395 362 4406 “
425 4387 676 4459 herber,
747 4401 915 4447 satur
965 4389 1153 4445 fufene
1199 4388 1364 4446 Mars
1411 4389 1592 4446 limen
1644 4389 1750 4445 sali
1811 4399 1899 4445 sta
1945 4385 2198 4454 berber,
2269 4387 2453 4446 Satur
2509 4385 2697 4446 fusci-e
2756 4387 2923 4446 Mars

423 4485 605 4542 limen
653 4484 763 4541 sali
813 4495 905 4540 sta
959 4481 1197 4539 herber.
1261 4484 1284 4540 11
1342 4484 1604 4537 Semunis
1652 4482 1903 4539 alternei
1942 4463 2257 4557 advocapit
2304 4492 2585 4547 conctoS‚
2645 4481 2924 4542 Semnnis

351 4613 356 4618 ,
426 4579 676 4636 alternei
697 4578 1016 4653 advocapit
1037 4587 1304 4643 cunctos,
1330 4575 1594 4634 Simunis
1616 4576 1870 4652 alternip
1889 4576 2022 4650 (sic)
2050 4576 2365 4651 advocapit
2391 4577 2415 4635 ll
2440 4569 2691 4633 coactos.
2758 4577 2923 4633 Enos

424 4673 696 4731 Marmor
733 4676 969 4738 iuvate,
1026 4671 1190 4728 Enos
1231 4671 1506 4728 Marmor.
1540 4649 1774 4735 iuvato,
1831 4670 1998 4729 Enos
2038 4670 2271 4728 Mamor
2311 4673 2531 4728 iuvato.
2615 4671 2922 4746 Triumpe,

422 4767 744 4844 Triumpe,
816 4766 1135 4842 Triumpe,
1193 4765 1540 4838 Triumllpe,
1608 4772 1883 4840 triumpe.
1965 4767 2112 4824 Post
2177 4765 2642 4841 tripudationem
2711 4765 2925 4822 deinde
