3502 5487
617 418 700 480 30

617 569 800 608 tantum
832 560 1170 616 inscriptiones
1205 559 1431 618 colligat,
1482 560 1556 603 vel
1585 559 1775 617 singula
1804 559 2035 616 quaedam
2069 558 2403 616 antiquitatum
2434 559 2586 614 capita
2617 564 2903 614 pertractet,
2956 572 3126 603 vanam

616 667 665 696 in
708 653 768 695 iis
848 664 971 694 enuo
1009 647 1331 693 consultandis
1375 647 1813 703 perlustrandisque
1851 660 2048 702 operam
2086 646 2150 690 sit
2187 646 2462 701 positurus;
2526 650 2740 705 quamvis
2789 663 2883 692 nou
2933 662 3122 707 negem,

617 754 754 793 eum,
795 739 873 797 qui
905 739 1142 795 integrum
1167 736 1426 793 aliquando
1469 733 1705 790 inscriptt.
1745 732 2024 778 Latinarum
2054 747 2228 790 corpus
2263 735 2581 779 adon-naturus
2615 737 2710 788 sit,
2751 738 2998 794 quaedam,
3038 750 3126 781 nec

616 834 774 873 tamen
804 827 952 871 multa
980 825 1028 868 in
1061 824 1295 870 eiusmodi
1333 823 1526 877 scriptis
1558 827 1863 878 reperturum
1898 825 1973 866 vel
2011 824 2350 878 praetermissa
2370 825 2599 883 amagnis
2636 825 2976 869 collectoribus
2997 856 3009 878 ,
3050 827 3128 869 vel

615 914 707 960 fide
756 916 902 959 etiam
950 913 1170 970 digniora
1218 916 1267 956 et
1313 911 1465 969 magis
1515 911 1782 955 emendata.
1857 911 1949 954 Sed
1986 911 2065 968 qui
2102 916 2213 967 post
2240 908 2575 965 ·Grateram,
2632 912 2795 956 seculo
2836 913 3126 967 praesertim

617 1004 821 1058 septimo
869 1000 1055 1046 de'cimo
1100 1013 1241 1044 curas
1278 1012 1389 1043 suas
1425 997 1602 1053 publici
1648 999 1767 1043 iuris
1802 997 2048 1052 fecerunt,
2106 1000 2179 1043 vel
2225 996 2442 1044 Grutero
2478 1002 2585 1056 ipso
2620 1002 2826 1045 maxime
2876 1006 2986 1044 sunt
3027 1002 3124 1054 usi,
3167 1040 3174 1047 .

619 1092 762 1135 tacito
791 1102 934 1145 saepe
965 1089 1069 1133 eius
1100 1088 1322 1140 nominc,
1380 1088 1453 1131 vel
1485 1087 1526 1130 si
1563 1087 1672 1130 novi
1707 1086 1884 1144 aliquid
1924 1088 2213 1141 attulerunt,
2267 1087 2355 1131 hoc
2403 1102 2589 1147 quoque
2639 1090 2762 1145 apud
2814 1087 3124 1143 Reineaiam,

618 1177 869 1231 Dom‘am,
907 1174 1222 1228 Fabi-ettam,
1264 1172 1485 1219 Gadium
1506 1205 1519 1227 ,
1569 1171 1941 1228 Matalon-iam,
1991 1171 2282 1236 Illaffeiam,
2332 1172 2592 1237 Donatum
2637 1177 2853 1235 aliosque
2888 1178 3121 1222 invenies.

620 1267 720 1313 Nos
767 1270 927 1319 certe,
978 1265 1069 1310 etsi
1105 1264 1312 1308 maxima
1348 1275 1490 1318 saepe
1527 1276 1636 1307 cum
1671 1263 1894 1307 molestia
1930 1263 2190 1307 immensos
2228 1264 2337 1307 illos
2373 1261 2646 1318 Gronooii,
2706 1262 2944 1320 Graevii,
2994 1262 3124 1309 Bar-

618 1356 821 1408 manm',
871 1351 1158 1412 sallengrii
1192 1365 1247 1396 ac
1282 1346 1456 1395 Polen'i
1493 1350 1776 1403 thesauros,
1824 1351 2227 1409 municipalesque
2276 1352 2503 1396 historias
2539 1352 2658 1397 bene
2697 1350 2871 1398 multas
2909 1356 3120 1398 versavi·
3153 1381 3158 1385 ·

617 1457 752 1497 mus,
793 1456 968 1498 operae
1000 1446 1162 1486 tamen
1197 1439 1405 1496 pretium
1440 1439 1693 1483 admodum
1716 1452 1832 1482 raro
1860 1438 2080 1485 fecimus.
2154 1441 2307 1496 Saepe
2333 1441 2495 1495 etiam,
2523 1443 2789 1499 Antiquarii
2815 1442 3119 1497 praesertim,

618 1546 711 1576 non
752 1530 1115 1586 inscriptionum
1149 1529 1291 1572 modo
1326 1540 1560 1587 corpora,
1618 1530 1738 1572 unde
1775 1527 2097 1591 profecerint,
2153 1530 2238 1574 sed
2276 1530 2380 1574 loca
2424 1542 2610 1586 quoque
2666 1544 2895 1574 saxorum
2930 1518 3123 1574 silentio

616 1624 867 1677 premunt;
929 1631 977 1663 v.
1010 1632 1054 1662 c.
1088 1623 1141 1661 ut
1181 1616 1387 1660 illustria
1433 1617 1678 1673 utriusque
1721 1616 1914 1675 generis
1962 1619 2180 1672 exempla
2224 1598 2497 1672 proferam,
2552 1615 2799 1663 Antonius
2852 1631 2946 1662 van
2992 1616 3124 1662 Dale

618 1713 668 1753 et
701 1704 943 1752 Claudius
977 1703 1067 1750 νὴ·
1095 1701 1433 1764 Ioaepluuqae
1466 1701 1733 1749 Volcente.
1774 1701 2021 1760 (Histoire
2049 1703 2289 1764 ge‘nc'rale
2318 1704 2380 1750 de
2411 1703 2717 1766 languedoc
2755 1705 2928 1753 Paria.
2966 1703 3121 1752 1730.

617 1798 681 1845 T.
718 1795 768 1841 1.
807 1797 865 1840 ad
896 1793 1117 1849 calcem.)
1173 1807 1259 1839 uec
1290 1794 1489 1847 desunt,
1546 1795 1626 1851 qui
1663 1793 1828 1850 spuria
1850 1794 1941 1838 »vel
1975 1794 2143 1849 cupide
2181 1793 2323 1838 nimis
2358 1794 2683 1850 arripuerint,
2740 1796 2818 1839 vel
2851 1796 2979 1840 ultro
3010 1795 3126 1839 talia

623 1883 869 1930 finxerint.

754 1970 1029 2018 Aplnlws
1083 1968 1323 2026 (Petrus)
1376 1982 1484 2015 cum
1533 1969 1670 2014 socio
1717 1965 2102 2014 Bae-tholomaeo
2151 1966 2448 2015 ΑΜΑΝΤΙΟ
2501 1954 2775 2027 complures
2834 1972 2931 2016 iam
2984 1969 3128 2016 habet

618 2062 856 2117 inscriptt.
900 2058 1287 2113 commenticias,
1338 2058 1604 2114 ut‘passim
1631 2058 1795 2102 videre
1828 2058 1939 2105 licet
1973 2059 2047 2103 vel
2083 2058 2209 2103 inter
2238 2059 2402 2114 spuria
2431 2056 2678 2114 Gruter&
2714 2059 2949 2104 maiorem
2979 2061 3125 2104 etiam

618 2154 956 2206 corruptarum
988 2160 1258 2192 numerum.
1332 2146 1440 2202 lpse
1468 2160 1586 2192 vero
1616 2147 1845 2202 Apianus,
1886 2147 2031 2191 etiam
2052 2147 2094 2192 si
2114 2146 2391 2205 frequenter
2407 2147 2468 2191 ab
2487 2148 2616 2202 aliis,
2655 2148 3126 2204 inflispanieusibus

616 2239 933 2294 praesertim,
964 2238 1188 2292 deceptus
1205 2266 1218 2289 ,
1259 2234 1385 2279 bona
1412 2232 1503 2279 fide
1532 2235 1719 2279 videtur
1750 2235 1925 2294 egisse.
2093 2215 2098 2229 ⁴

757 2323 1202 2391 ARAGONENSIS
1240 2321 1657 2379 (Sebastianus.)
1710 2321 1783 2367 De
1819 2322 1909 2367 boc
1946 2323 2206 2368 audiendus
2243 2330 2318 2370 est
2353 2325 2556 2370 illustris
2591 2324 2772 2370 unicus
2814 2329 2981 2370 noster
3018 2324 3123 2370 CA·

617 2414 862 2460 MILLvs
910 2412 1113 2460 neom
1162 2413 1211 2457 in
1259 2407 1596 2469 Commentarj
1639 2409 1766 2455 dell’
1818 2409 2003 2456 Alcaeo
2055 2411 2111 2457 di
2153 2408 2370 2457 Brucla
2416 2411 2558 2473 degli
2603 2414 2728 2457 anni
2780 2410 2932 2458 1818.
2991 2410 3121 2457 1819

615 2500 847 2561 Brucioe.
891 2497 1044 2547 1820.
1084 2497 1136 2546 8.
1174 2514 1224 2557 p.
1254 2498 1372 2544 111.
1447 2499 1623 2557 „Dopo
1658 2495 1735 2545 cio
1771 2500 1808 2545 il
1850 2500 1943 2559 sig.
1981 2498 2182 2547 LABus
2219 2501 2546 2547 c’intrattenne
2583 2502 2774 2545 intorno
2808 2502 2866 2546 ad
2905 2515 2966 2546 un
2998 2502 3126 2545 libro

615 2592 875 2637 rarissimo
911 2591 958 2635 di
995 2589 1172 2635 antichi
1209 2588 1503 2634 monumenti
1538 2588 1782 2633 bresciaui
1829 2590 2033 2644 scolpito
2074 2590 2122 2634 in
2166 2591 2306 2648 legno
2355 2591 2429 2635 nel
2479 2590 2644 2634 secolo
2691 2591 3041 2641 sestodecimo,
3098 2605 3126 2633 e

618 2680 815 2724 tuttavia
863 2680 1107 2737 incognito
1150 2678 1196 2722 ai
1245 2678 1443 2737 primarj
1485 2678 1726 2722 collettori
1767 2677 1814 2721 di
1855 2674 2111 2730 antichita,
2175 2678 2251 2721 del
2298 2677 2349 2721 fu
2387 2682 2553 2723 nostro
2590 2679 2907 2723 conciltadino
2944 2678 3124 2723 SEBA·

616 2767 854 2836 sumo
901 2766 1305 2814 ARAGONESE.
1396 2767 1435 2810 n
1491 2764 1618 2811 libro
1666 2761 1690 2809 ὲ
1740 2766 1787 2809 di
1838 2761 1904 2809 34
1941 2767 2111 2824 pagine
2161 2765 2395 2821 impresse
2449 2780 2538 2810 con
2589 2769 2746 2812 tavole
2794 2769 3040 2826 inlaglinte
3078 2769 3125 2811 iu

618 2859 790 2915 legno,
832 2857 879 2900 la
914 2860 1046 2900 carta
1083 2852 1108 2899 ὲ
1146 2854 1192 2899 di
1228 2853 1376 2898 fondo
1413 2867 1533 2899 nero
1569 2866 1659 2898 con
1696 2854 1866 2898 lettere
1902 2853 2130 2907 blanche,
2188 2854 2233 2897 la
2268 2867 2356 2898 sua
2391 2853 2547 2898 forma
2582 2851 2608 2898 ὲ
2646 2856 2691 2900 di
2730 2857 2915 2910 piccolo
2952 2855 3123 2914 foglio,

619 2959 646 2990 e
683 2945 760 2989 nel
797 2943 1104 2999 frontispizio
1141 2956 1231 2987 con
1266 2941 1414 2985 fondo
1449 2941 1702 3008 parimenti
1740 2955 1861 2986 uero
1896 2955 1925 2986 a
1961 2941 2128 2987 lettere
2166 2941 2364 2986 bianche
2402 2942 2443 2986 si
2493 2943 2630 3001 legge
2666 2940 2993 2987 Monumenta
3034 2956 3125 2987 aa·

621 3033 760 3091 tique
800 3028 952 3075 Vrbis
987 3035 1036 3074 et
1070 3030 1203 3090 agri,
1226 3025 1476 3074 Brixiani
1513 3043 1545 3071 a
1581 3042 1658 3071 me
1694 3027 1994 3074 Sebastiano
2028 3028 2352 3089 Aragonemi
2379 3031 2576 3088 pictore
2621 3027 2881 3075 Bria-iano
2928 3045 3127 3075 samma

618 3134 747 3164 cara
782 3126 830 3164 et
864 3118 1137 3180 diligentia
1172 3118 1400 3162 collecta.
1442 3117 1515 3162 Μ.
1543 3117 1603 3161 D.
1637 3116 1849 3162 Lxun.
1922 3102 1963 3162 ὲ
2001 3118 2092 3163 beu
2130 3131 2276 3173 vero,
2327 3132 2355 3163 e
2403 3120 2436 3164 il
2485 3124 2652 3163 nostro
2701 3121 2836 3166 socio
2873 3121 2921 3164 10
2959 3133 3126 3176 prova,

541 3207 547 3210 ”
619 3209 704 3253 che
742 3222 836 3252 non
872 3208 980 3252 tutti
1016 3207 1032 3250 i
1064 3205 1357 3250 monumenti
1390 3205 1453 3249 ivi
1491 3207 1689 3249 raccolti
1720 3218 1842 3249 sono
1878 3205 2147 3260 bresciani,
2207 3220 2233 3251 e
2282 3206 2367 3251 che
2409 3207 2454 3252 vi
2499 3221 2620 3251 sono
2669 3209 2794 3253 delle
2842 3210 3129 3253 inesaltezze

621 3311 715 3341 non
747 3296 925 3352 poche,
983 3296 1058 3339 dal
1099 3299 1270 3339 nostro
1307 3294 1442 3338 socio
1480 3294 1769 3338 dottameute
1801 3300 2030 3341 eorrette.
2125 3294 2451 3349 Inesattezze,
2514 3296 2563 3339 iu
2602 3297 2678 3341 cui
2714 3297 3023 3355 l'Aragouese
3055 3297 3127 3341 iu-

618 3399 759 3431 corse
798 3398 885 3440 per
913 3397 1028 3428 aver
1058 3383 1247 3439 copiato
1278 3382 1562 3428 fedelmeute
1595 3383 1639 3427 le
1668 3382 1842 3427 schede
1874 3384 1949 3428 del
1986 3385 2049 3428 V.
2090 3381 2291 3428 TOL'rl
2328 3384 2537 3437 sei-vila,
2601 3385 2633 3429 il
2649 3386 2807 3442 *quale
2847 3397 2990 3429 usava
3027 3388 3128 3427 tra-

622 3475 805 3519 scriver
837 3474 881 3517 le
917 3472 1083 3528 lapidi,
1121 3471 1206 3516 che
1236 3471 1304 3530 gli
1337 3483 1485 3514 erano
1517 3470 1593 3514 dal
1623 3470 1868 3525 Manuzio,
1908 3472 2029 3517 dall’
2057 3471 2256 3525 Ursino,
2296 3484 2325 3516 0
2353 3473 2411 3516 da
2441 3472 2617 3517 diversi
2648 3473 2788 3520 amici
2808 3475 3125 3526 comunicate,

621 3575 763 3608 senza
794 3567 994 3618 notarne
1026 3573 1216 3616 sempre
1250 3562 1294 3604 la
1324 3559 1675 3615 provenienza:
1715 3556 1873 3604 siccbe
1904 3561 2135 3605 trovatele
2162 3562 2238 3606 nel
2258 3573 2348 3605 suo
2367 3561 2550 3614 codice,
2585 3562 2795 3605 credette
2820 3561 3130 3618 l'Aragouese
3187 3573 3197 3594 ·

621 3650 707 3696 che
738 3650 972 3696 fossersli
1010 3649 1229 3694 Bresria.
1303 3647 1479 3692 Errori
1512 3648 1569 3692 ed
1599 3645 1918 3702 inesattezze,
1959 3648 2045 3693 che
2083 3649 2369 3704 spariranno
2406 3649 2747 3702 iuteramente,
2786 3661 2869 3702 se,
2919 3662 3057 3693 come
3093 3650 3130 3693 il

558 3799 559 3802 Ἴ
623 3744 790 3783 nostro
820 3738 1092 3796 antiquario
1129 3733 1370 3792 (LABUS)
1409 3739 1643 3790 promette
1662 3766 1677 3790 ,
1727 3734 2037 3791 pubblicbera
2072 3738 2086 3780 i
2124 3737 2295 3782 marini
2328 3738 2434 3781 tutti
2465 3738 2589 3782 della
2624 3738 2781 3793 patria
2808 3742 3005 3790 nostra,
3055 3738 3129 3782 iu-

620 3825 764 3870 toruo
794 3828 838 3871 ai
872 3827 996 3884 quali
1028 3827 1086 3869 da
1117 3825 1216 3882 varj
1247 3825 1358 3868 anni
1389 3828 1464 3867 sta
1496 3824 1774 3868 lavorando.
1866 3825 2033 3883 Questi
2071 3825 2222 3869 difetti
2254 3822 2372 3881 pero
2406 3839 2502 3870 uon
2534 3827 2732 3885 tolgono
2762 3827 2797 3871 il
2827 3826 3005 3870 merito
3033 3826 3131 3869 alla

621 3916 863 3969 raccolta,
922 3915 967 3959 di
999 3915 1074 3958 cui
1106 3914 1145 3958 si
1179 3914 1344 3969 parla,
1402 3913 1660 3958 dovendosi
1691 3913 1890 3966 invece',
1947 3914 2157 3958 secondo
2194 3913 2389 3958 l’avviso
2426 3915 2501 3958 del
2541 3915 2633 3972 sig.
2708 3913 2940 3967 LABUS,
2980 3929 3005 3959 0
3044 3927 3129 3970 per

622 4006 667 4048 la
698 4017 882 4047 somma
918 4002 1099 4059 perizia
1130 4002 1205 4045 del
1237 4001 1507 4054 collettore,
1547 4013 1573 4045 0
1602 4002 1679 4056 pel
1709 4000 1853 4046 modo
1884 4009 1973 4046 con
2005 4001 2079 4045 cui
2109 4001 2157 4045 fu
2197 4001 2333 4056 fatta,
2371 4002 2529 4046 aversi
2560 4003 2832 4047 carissima.
2888 3998 3130 4059 Eppereio

622 4106 712 4137 con
742 4090 897 4136 alcuni
929 4090 1066 4135 cenni
1105 4091 1229 4134 sulla
1257 4090 1352 4134 vita
1395 4089 1505 4133 dell’
1539 4087 1956 4144 ARAGONESE,
2011 4090 2108 4149 egli
2146 4091 2192 4134 la
2239 4090 2392 4134 storia
2448 4091 2491 4134 ci
2523 4103 2705 4145 espone
2742 4092 2789 4135 di
2828 4096 2998 4150 questo
3039 4105 3128 4134 suo
3189 4115 3194 4120 -

623 4183 807 4224 lavoro.
880 4179 954 4223 Da
984 4175 1326 4235 lui*sappiamo
1362 4177 1447 4222 che
1488 4177 1799 4236 l'Aragonese
1829 4189 2006 4235 nacque
2037 4179 2083 4221 in
2123 4177 2275 4223 Gbedi
2305 4191 2481 4237 grosso
2512 4178 2667 4238 borgo
2704 4179 2955 4224 bresciane
2982 4192 3130 4223 verso

622 4270 780 4313 l'anno
814 4263 977 4312 1523:
1018 4267 1104 4312 che
1134 4266 1255 4312 ebbe
1285 4281 1313 4310 a
1343 4265 1551 4325 genitori
1581 4266 1812 4321 Alfonso,
1868 4279 1894 4311 e
1933 4264 2158 4310 Caterina
2190 4266 2544 4323 Tronconalia;
2594 4269 2681 4312 che
2714 4268 2746 4313 il
2779 4268 3020 4327 liguaggio
3046 4281 3130 4311 ern

622 4362 856 4410 onerato,
915 4351 1206 4402 essendocbe
1255 4367 1344 4399 suo
1385 4368 1473 4398 avo
1523 4367 1609 4409 per
1645 4368 1785 4398 nome
1824 4367 1930 4410 pur
1956 4353 2236 4398 Sebastiano
2279 4355 2328 4398 fu
2368 4353 2639 4413 qualificato
2674 4355 2887 4401 Auum·
2928 4354 3132 4401 Nic-olai

626 4443 805 4491 Vrsini
832 4443 1164 4503 Imperatoria
1204 4440 1442 4487 Venetam
1473 4446 1520 4485 et
1553 4440 1916 4502 ludimagister
1944 4437 2426 4488 excellentissimas.
2469 4468 2535 4478 —-
2607 4442 2772 4490 sicchc
2802 4445 2933 4488 hassi
2966 4458 2996 4489 a
3025 4458 3129 4488 cre-

625 4536 739 4579 dere
774 4534 860 4579 cbe
891 4535 926 4577 il
960 4537 1126 4576 nostro
1159 4519 1495 4587 pittore'fosse
1528 4530 1732 4574 allevato
1763 4544 1851 4574 con
1884 4531 2152 4588 diligenza.
2192 4545 2218 4576 0
2249 4530 2335 4576 01ιο
2368 4533 2632 4587 imperasse
2665 4534 2708 4577 le
2742 4532 2898 4576 huone
2930 4533 3023 4576 arti
3052 4533 3129 4576 dal

625 4624 800 4678 padre,
859 4622 1065 4676 chepur
1093 4620 1144 4664 fu
1175 4620 1352 4675 pittore
1383 4618 1429 4661 di
1462 4617 1796 4673 professione,
1843 4632 1869 4663 e
1900 4618 1984 4663 che
2016 4611 2146 4663 fosse
2178 4620 2363 4664 avviato
2392 4622 2484 4664 alle
2519 4621 2665 4665 nobili
2698 4620 2949 4675 discipline
2986 4635 3016 4663 0
3053 4621 3130 4665 uel

625 4711 858 4756 Ginnasio
888 4709 1092 4753 istituito
1123 4721 1212 4751 cou
1243 4705 1431 4762 publico
1463 4707 1654 4750 decreto
1692 4707 1770 4751 uel
1813 4702 1974 4759 1527,
2032 4721 2062 4750 o
2104 4720 2274 4763 presso
2316 4710 2452 4753 alcun
2489 4709 2768 4763 professore
2808 4710 3025 4764 privato,
3083 4708 3129 4750 di

626 4799 710 4844 che
741 4798 940 4843 Brescia
969 4810 1015 4839 in
1046 4796 1153 4853 que'
1182 4795 1329 4849 tempi
1357 4793 1652 4838 abbondava.
1730 4793 1871 4839 Nulla
1902 4791 2021 4851 pero
2053 4796 2094 4839 si
2127 4792 2219 4852 puo
2251 4797 2294 4840 di
2334 4802 2468 4842 certo
2497 4797 2752 4846 affermare
2784 4799 2858 4842 sui
2882 4797 3130 4854 progressi
