3502 5487
655 427 738 494 58

651 575 839 619 meritis
887 573 1082 617 minime
1131 572 1483 626 obtrectantes,
1556 571 1946 627 reprehendenda
1992 572 2313 628 arbitramur,
2382 575 2442 618 ad
2488 573 2605 618 haec
2651 573 2754 620 fere
2783 575 3028 620 redeunt:
3093 576 3151 622 ln

652 663 894 717 Inscriptt.
928 662 1129 707 Graecis
1160 663 1354 708 edendis
1390 663 1771 719 explicandisque
1808 661 2041 717 plurimos
2078 676 2132 706 ac
2167 661 2336 707 foedos
2370 675 2513 718 saepe
2550 663 2790 707 commisit
2824 676 3039 710 errores.
3080 689 3149 700 —

653 752 703 797 si
753 752 858 809 quis
907 751 1028 795 alins
1050 781 1064 805 ,
1121 751 1170 795 in
1206 751 1376 807 primis
1410 751 1688 809 frequenter
1723 755 1774 795 et
1809 750 1949 795 nimis
1985 764 2126 805 saepe
2165 750 2290 794 idem
2326 763 2493 795 saxum
2529 750 2605 795 bis
2640 756 2774 797 terve
2811 752 2890 796 dat
2942 752 3149 799 diversis

652 841 700 885 in
751 839 888 883 libris
936 839 1179 884 schedisve
1230 844 1493 895 repertum.
1584 840 1663 884 Sic
1711 837 1777 895 7,
1833 837 1881 884 2.
1935 839 2112 894 septies
2162 839 2290 883 dedit
2344 836 2425 893 (7,
2465 836 2516 883 8.
2558 836 2653 893 48,
2693 836 2742 883 3.
2787 836 2880 895 63,
2921 840 2970 884 5.
3014 838 3147 895 141,

656 923 705 972 5.
748 924 875 981 146,
918 924 966 971 3.
1011 924 1172 981 1225,
1215 925 1287 982 7.)
1324 949 1391 959 -
1427 941 1535 987 pag.
1580 925 1740 983 1063,
1783 925 1832 971 2.
1884 928 1932 972 in
1983 928 2151 971 eodem
2204 928 2361 971 Tomo
2414 927 2479 971 11.
2539 929 2788 985 quinquies
2841 934 2935 973 cet.
3035 930 3150 981 „Ex

657 1016 927 1075 quindecim
972 1017 1075 1061 fere
1132 1016 1342 1061 millibus
1399 1016 1767 1083 Inscriptionunn
1819 1017 2257 1060 Muratorianarum
2311 1017 2415 1070 plus
2470 1016 2601 1060 mille
2647 1016 2805 1075 magni
2860 1018 3149 1062 collectores

655 1105 899 1149 emendate
936 1104 1033 1148 iam
1068 1103 1346 1148 dederant.”
1413 1099 1655 1163 Maffct'us
1688 1103 1823 1146 Mus.
1864 1103 1983 1146 Ver.
2025 1115 2072 1156 p.
2116 1098 2244 1154 487,
2289 1098 2336 1145 6.
2412 1101 2542 1145 Saxii
2579 1100 2801 1146 Pericul.
2842 1115 2890 1157 p.
2933 1098 3018 1146 83.
3094 1104 3149 1151 ln

654 1193 835 1236 edendo
886 1191 1135 1236 Thesauro
1185 1190 1373 1235 nonnisi
1424 1191 1587 1246 priore
1636 1188 1846 1235 Gruter-i
1893 1191 2101 1234 editione
2150 1202 2255 1233 esse
2306 1202 2442 1234 usum
2477 1191 2654 1244 passim
2689 1190 2977 1245 deprehendi
3012 1207 3065 1242 ν.
3100 1209 3147 1240 c.

652 1292 703 1335 p.
746 1277 873 1334 191,
933 1276 980 1324 1.
1033 1281 1207 1324 collato
1256 1278 1397 1324 Grut.
1440 1275 1567 1333 315,
1628 1275 1676 1324 5.
1717 1280 1823 1323 ead.
1863 1291 1910 1333 p.
1967 1276 2093 1332 191,
2148 1274 2195 1321 3.
2245 1279 2356 1322 coll.
2398 1278 2538 1322 Grut.
2582 1276 2678 1333 67,
2721 1275 2768 1323 3.
2809 1280 2939 1326 Mur.
2983 1279 3146 1337 1088,

656 1365 706 1413 3.
748 1369 860 1412 coll.
903 1367 1044 1413 Grut.
1088 1366 1183 1423 19,
1226 1364 1285 1413 3.,
1349 1364 1637 1411 audianum
1673 1368 2003 1425 collectionem
2039 1378 2239 1420 prorsus
2275 1367 2512 1425 neglexit,
2552 1381 2610 1412 ex
2647 1382 2738 1425 qna
2769 1350 2928 1414 tamen
2961 1370 3152 1415 sincera

653 1462 792 1501 erant
838 1458 1116 1517 deligenda,
1171 1462 1217 1502 et
1264 1457 1496 1515 quaedam
1544 1456 1590 1500 in
1641 1455 1883 1509 Inscriptt.
1934 1468 1962 1497 a
1997 1454 2381 1499 mvnATomo
2418 1456 2605 1500 aliunde
2641 1457 2799 1512 petitis
2836 1458 3148 1503 emendanda.

654 1544 804 1599 ltem,
855 1542 1204 1601 Οτοηὶειωὶα,
1254 1545 1741 1602 inquit,'marmora
1788 1543 1982 1587 minime
2025 1542 2178 1599 attigi.
2218 1538 2443 1601 Praesat.
2485 1556 2531 1599 p.
2576 1542 2623 1588 7.
2663 1568 2730 1578 -
2768 1546 2980 1598 „Utrum
3015 1552 3147 1592 recte

652 1638 702 1678 et
747 1634 851 1678 iure
898 1633 1100 1686 factum,
1142 1635 1243 1686 ipse
1280 1630 1507 1675 viderit.”
1545 1630 1658 1673 Sax.
1697 1627 1865 1673 Pet-ic.
1905 1643 1952 1684 p.
1997 1625 2079 1675 59.
2152 1630 2389 1686 Exposuit
2422 1632 2923 1697 in-Praefationibus,
2975 1635 3148 1692 quibus

655 1722 807 1766 Codd.
839 1722 961 1765 Mss.
990 1720 1054 1764 sit
1077 1733 1221 1773 usus,
1262 1719 1451 1777 quinam
1489 1719 1602 1763 item
1638 1718 1888 1762 doctorum
1924 1719 2122 1774 privatis
2158 1721 2350 1775 scriptis
2387 1721 2477 1765 sibi
2514 1720 2812 1779 profuerint3
2850 1728 2900 1767 at
2924 1724 2980 1767 de
3007 1723 3148 1768 editis

653 1810 822 1865 libris,
864 1822 922 1854 ex
960 1808 1149 1866 quibus·
1169 1821 1285 1852 saxa
1321 1806 1663 1862 comportavit,
1717 1812 1798 1851 ant
1832 1820 2034 1863 prorsus
2070 1810 2244 1863 tacuit,
2295 1815 2375 1854 aut
2408 1812 2565 1857 ieiune
2602 1811 2746 1865 dixit,
2786 1813 2830 1855 si
2865 1811 3149 1859 discesseris

653 1896 714 1941 ab
765 1897 892 1952 illis,
947 1910 1067 1954 qnos
1115 1897 1162 1940 in
1203 1895 1500 1952 praefatione
1537 1895 1783 1951 appendici
1820 1897 2084 1950 praemissa
2118 1897 2329 1943 breviter
2365 1900 2773 1943 commemoravit.
2813 1923 2879 1933 -—-
2917 1899 2990 1943 Ex
3026 1914 3154 1957 qum„

651 1998 759 2028 rum
784 1985 922 2031 libris
949 1999 1067 2041 saxa
1100 1985 1256 2053 dedit,
1297 1998 1354 2029 ex
1391 1984 1562 2028 iisdem
1598 1997 1706 2029 eum
1743 1986 1973 2041 quaedam
2008 1999 2104 2029 non
2140 1987 2355 2041 dedisse,
2396 1987 2646 2031 observavi
2681 2000 2879 2043 sumque
2914 1988 3150 2044 miratus,

653 2086 796 2131 quum
812 2070 1202 2133 DIontsuuconii,
1218 2071 1325 2125 Th.
1347 2069 1528 2117 Smidu‘
1552 2077 1644 2116 cet.
1664 2072 1818 2116 libros
1844 2086 1949 2117 cum
1975 2074 2103 2118 illius
2130 2075 2379 2120 Thesauro
2400 2089 2756 2130 componerem.
2785 2076 3063 2122 HAGENB.
3080 2098 3148 2112 -·

652 2162 737 2217 (ld-
760 2175 877 2206 vero
915 2162 1192 2207 immensam
1231 2163 1499 2207 molestiam
1536 2166 1666 2205 creat
1700 2161 1899 2214 lectori,
1941 2163 2065 2219 quod
2101 2160 2561 2222 Monfsauconium,
2601 2164 2822 2209 Donium
2845 2197 2859 2219 ,
2898 2162 3146 2221 Gor-ium,

651 2251 776 2312 alios
810 2252 935 2296 nude
972 2252 1161 2305 laudat,
1224 2265 1319 2295 non
1356 2249 1637 2294 memoratis
1671 2248 1992 2293 voluminibus
2015 2255 2076 2315 *et
2110 2253 2295 2311 paginis
2331 2253 2597 2307 librorum,
2660 2254 2740 2298 uhi
2776 2267 2918 2308 saepe
2956 2255 3149 2313 egregie

651 2344 761 2383 sunt
796 2340 1061 2384 illustratae
1103 2339 1441 2394 inscriptiones
1478 2338 1537 2382 ab
1575 2351 1633 2382 eo
1667 2337 1937 2393 repetitae:
2002 2339 2076 2384 cui
2114 2341 2302 2397 quidem
2338 2342 2638 2385 incommodo
2676 2341 2725 2385 in
2763 2341 2852 2396 iis,
2906 2339 3023 2399 quas
3059 2354 3150 2387 nos

564 2478 571 2487 ι
653 2442 679 2472 e
716 2426 1103 2472 vaATORlo
1143 2428 1499 2482 excerpsimus,
1558 2426 1728 2484 ubique
1766 2426 1868 2471 fere
1920 2429 2100 2474 mederi
2149 2428 2459 2483 studuimus.)
2507 2453 2573 2463 —
2622 2430 2784 2484 „Sed,
2841 2431 2966 2487 quod
3011 2431 3149 2485 peius

651 2517 796 2559 etiam
834 2520 935 2569 est,
974 2517 1191 2572 pluribus
1228 2517 1325 2560 iam
1360 2516 1546 2560 indiciis
1583 2517 1901 2573 deprehendi,
1941 2518 2138 2563 nimium
2174 2518 2554 2577 sibisindulsisse
2590 2518 2827 2562 interdum
2851 2518 3149 2564 MVRATo-

650 2604 816 2648 mvn
865 2606 912 2649 in
960 2606 1198 2650 mutandis
1246 2605 1457 2661 lapidum
1503 2605 1695 2660 verbis,
1745 2620 1864 2664 quae
1915 2608 1962 2652 in
2010 2607 2355 2663 scriptoribus,
2409 2608 2529 2651 unde
2567 2608 2899 2663 transcripsit,
2949 2621 3043 2651 non
3082 2608 3150 2651 ita

653 2698 789 2737 erant
826 2694 964 2752 data3
1005 2708 1205 2752 quarum
1241 2695 1555 2739 mutationum
1592 2708 1678 2739 nec
1713 2696 1824 2739 vola
1857 2708 1944 2739 nec
1980 2696 2234 2754 vestigium
2262 2696 2308 2738 in
2334 2694 2720 2740 MVRATORIO
2747 2708 2889 2751 saepe
2917 2701 3148 2753 apparet;

651 2787 704 2826 ut
739 2795 858 2836 opus
894 2784 957 2827 sit
993 2785 1125 2838 ipsos
1163 2785 1345 2836 libros,
1385 2797 1445 2828 ex
1482 2782 1652 2841 quibus
1688 2798 1744 2828 ea
1781 2785 1959 2828 invexit
1993 2785 2040 2828 in
2078 2798 2213 2828 suum
2251 2784 2553 2838 thesaurum,
2609 2786 2762 2829 denuo
2801 2786 2972 2830 evolvi.
3012 2798 3059 2828 v.
3099 2799 3147 2830 c.

653 2883 713 2914 ex
760 2870 905 2914 Donii
963 2869 1039 2913 Cl.
1080 2871 1143 2913 V.
1189 2867 1306 2914 158.
1345 2871 1426 2916 dat
1459 2871 1590 2913 Mur.
1636 2865 1798 2922 1036,
1842 2868 1889 2913 1.
1931 2869 2179 2914 CAPVAE
2216 2871 2471 2924 exhibens,
2524 2872 2646 2916 sine·
2674 2872 2850 2916 indicio
2899 2872 2947 2915 in
2982 2869 3153 2916 Domo

652 2956 748 3014 legi
798 2954 1091 2999 canALI.
1144 2978 1211 2989 —-
1259 2969 1318 2999 ex
1370 2956 1494 2999 Don.
1535 2954 1675 3000 le.
1718 2952 1803 3001 52.
1843 2954 1972 3000 VLT
2008 2980 2030 2990 ·
2068 2980 2087 2992 -
2125 2981 2145 2991 -
2171 2956 2341 3010 sulz,
2392 2959 2514 3002 unde
2562 2958 2695 3003 Mur.
2738 2954 2902 3013 1424,
2941 2955 2991 3004 2.
3029 2972 3150 3017 gens

652 3057 774 3089 nova
812 3047 860 3087 et
895 3044 1105 3088 inaudita
1139 3039 1453 3092 VLTESIA?
1502 3061 1569 3073 -—-
1616 3041 1741 3086 Don.
1782 3041 1946 3086 xvn.
1991 3039 2082 3086 12:
2116 3044 2238 3087 lecto
2275 3048 2388 3098 typo
2421 3043 2547 3088 Don.
2589 3049 2636 3088 et
2670 3051 2783 3089 nota
2819 3042 2971 3090 Gor-ii
3000 3046 3151 3089 mira·

651 3131 768 3177 bere
806 3132 1142 3192 negligentiam
1179 3130 1354 3182 MVR..
1379 3136 1478 3175 tum
1525 3133 1574 3176 in
1611 3135 1755 3187 typo,
1795 3135 1893 3175 tum
1931 3131 1976 3174 in
2022 3133 2150 3174 nota.
2226 3129 2496 3184 Crederes,
2556 3128 2847 3174 Dom'cmum
2885 3144 3004 3187 opus
3041 3146 3153 3178 enm

652 3234 712 3265 ne
754 3219 978 3265 habuisse
1021 3221 1241 3278 quidem;
1281 3225 1411 3264 certe
1449 3234 1543 3265 non
1581 3225 1799 3264 accurate
1841 3219 2063 3274 inspexit.
2103 3238 2172 3253 —
2206 3216 2332 3262 Don.
2373 3218 2562 3262 xvm.
2604 3217 2652 3265 9.
2694 3220 2772 3263 dat
2808 3220 2939 3264 Mur.
2982 3217 3148 3275 1579,

655 3307 703 3355 9.
756 3311 838 3353 sed
894 3310 1320 3368 negligentissime.
1371 3332 1438 3342 —
1488 3309 1610 3353 Gor.
1654 3306 1766 3352 Etr.
1813 3308 1874 3353 T.
1919 3306 1966 3353 1.
2011 3321 2058 3363 p.
2102 3302 2230 3361 413,
2273 3303 2392 3352 246.
2434 3308 2524 3352 cfr.
2568 3308 2701 3352 Mur.
2746 3304 2896 3360 1515,
2939 3305 2987 3352 4.
3023 3309 3152 3354 cet.”

576 3425 581 3428 ,
653 3397 929 3442 HAGENB.
969 3418 1035 3430 —
1074 3398 1257 3443 Indices
1282 3396 1542 3456 scaligeri
1566 3397 2051 3441 MvnA'romAMs
2090 3402 2138 3441 et
2169 3396 2380 3441 bonitate
2407 3400 2454 3441 et
2479 3410 2678 3440 numero
2716 3398 2854 3454 longe
2882 3402 3146 3451 praestant.

651 3487 803 3542 Saepe
838 3488 1000 3542 plures
1026 3485 1265 3539 honores,
1307 3486 1501 3539 civiles,
1543 3486 1807 3538 militares,
1849 3487 1973 3530 sacri
2009 3487 2054 3530 in
2089 3487 2258 3530 eodem
2288 3498 2405 3529 saxo
2440 3486 2743 3540 referuntur;
2783 3497 2904 3541 quos
2939 3484 3151 3530 honores

652 3575 891 3620 interdum
927 3573 1347 3619 mvna'romvs
1384 3575 1524 3618 indici
1567 3588 1655 3619 suo
1695 3575 1820 3618 male
1858 3575 1922 3618 ita
1966 3574 2150 3627 intulit,
2202 3588 2256 3617 ac
2300 3574 2340 3617 si
2383 3568 2505 3632 gesti
2548 3587 2714 3618 omnes
2759 3573 2989 3631 fuissent,
3054 3587 3150 3617 non

652 3664 864 3719 Romae,
921 3678 1016 3708 non
1056 3641 1208 3718 alibi,
1265 3677 1360 3707 non
1394 3664 1622 3717 militiae,
1682 3663 1766 3707 sed
1806 3663 1886 3708 nbi
1931 3676 2047 3706 saxa
2099 3663 2235 3706 fuere
2290 3666 2465 3707 erecta.
2517 3661 2793 3706 RAGENB.
2832 3680 2899 3691 -
2937 3661 3151 3706 Schedae

652 3752 1019 3798 MVRATORn
1055 3754 1332 3810 frequenter
1366 3751 1426 3796 ab
1463 3765 1521 3795 eo
1555 3753 1801 3805 laudatae,
1842 3753 1898 3797 de
1936 3750 2108 3809 quibus
2145 3749 2417 3809 ambigebat
2447 3745 2499 3796 C.
2540 3747 2606 3794 H.
2637 3748 2698 3794 A.
2732 3744 3151 3808 (Cannegietenu

653 3839 906 3886 Hem-icus
936 3837 1345 3891 Arnhemienu's)
1370 3839 1415 3882 in
1440 3836 1696 3881 D’Orville
1726 3835 1879 3882 ntiae.
1913 3835 2034 3881 obe.
2077 3836 2138 3881 Τ.
2173 3836 2259 3881 lv.
2298 3833 2449 3880 1742.
2484 3849 2532 3891 p.
2569 3833 2686 3881 210.
2714 3848 2936 3894 magnam
2963 3841 3150 3891 partem

653 3931 934 3985 compilatae
989 3934 1126 3974 erant
1166 3941 1225 3971 ex
1262 3928 1352 3981 iis,
1393 3939 1510 3985 quas
1546 3923 1797 3986 Cyriacus
1831 3924 2177 3971 anconitanus
2215 3924 2492 3984 collegerat.
2537 3938 2584 3969 v.
2624 3926 2754 3969 Mur.
2792 3920 2966 3982 Prucs.
3005 3938 3054 3981 p.
3095 3921 3147 3968 2.

655 4014 754 4062 484
780 4050 792 4071 ,
835 4014 883 4061 4.
928 4014 1021 4063 591
1045 4049 1057 4072 ,
1099 4013 1148 4062 3.
1190 4012 1287 4062 855
1316 4047 1328 4070 ,
1373 4013 1420 4059 5.
1461 4014 1737 4060 HAGENB.
1780 4015 1905 4070 (Non
1938 4013 2222 4059 omittendae
2260 4018 2371 4058 sunt
2406 4013 2481 4067 ei,
2522 4015 2599 4071 qui
2633 4014 2967 4058 Muratoriano
3002 4025 3150 4068 opere

653 4121 759 4150 cum
797 4106 955 4150 fructu
1000 4105 1065 4149 uti
1107 4107 1253 4160 velit,
1297 4118 1527 4149 censurae
1575 4101 1799 4159 Letehii,
1855 4100 2106 4157 Walchii,
2158 4101 2343 4156 Saxii,
2390 4099 2776 4170 Hagenbuclu‘a',
2811 4099 3047 4145 Bienor-di
3081 4099 3149 4156 (in

650 4193 851 4241 Donati.
875 4192 1052 4252 Suppl.
1094 4194 1154 4239 T.
1198 4191 1270 4249 1.)
1319 4194 1542 4249 Inprimis
1579 4181 1725 4237 ‘doleo
1768 4207 1843 4238 me
1897 4193 2144 4246 caruisse,
2202 4205 2349 4250 nsque
2397 4192 2507 4235 dum
2553 4191 2656 4235 fere
2704 4191 2974 4236 absolutum
3022 4193 3154 4234 esset

652 4298 811 4328 meum
841 4297 960 4340 opus
982 4315 995 4337 ,
1037 4283 1211 4328 SAXH
1247 4280 1455 4328 scholiis
1484 4281 1962 4326 literario-eriticis
1994 4279 2062 4324 ad
2087 4278 2281 4325 Μαι-ατ.
2323 4277 2640 4324 Thesara-um
2665 4281 2713 4324 in
2735 4278 2877 4325 Actis
2900 4277 3153 4322 literae-iia
3243 4311 3250 4318 .

652 4372 765 4418 Soc.
806 4370 1377 4427 Rheno-Traiecu'nae,
1430 4371 1548 4429 quae
1582 4370 1786 4425 tamen,
1821 4371 2018 4415 simulac
2059 4373 2223 4416 nactus
2270 4383 2404 4422 sum,
2444 4369 2685 4423 studiose,
2728 4383 2813 4416 nec
2845 4368 2947 4412 sine
2978 4378 3153 4424 magno

652 4462 809 4507 fructu
849 4464 1055 4517 contuli,
1097 4467 1353 4519 antequam
1388 4461 1601 4505 codicem
1644 4473 1803 4505 meum
1838 4458 2093 4515 typothetis
2130 4456 2413 4512 traderem.)

791 4551 1053 4596 Naurum
1104 4548 1419 4604 (Feminam)
1466 4549 1646 4594 Parnm
1691 4553 1912 4594 accurate
1961 4549 2006 4592 in
2052 4546 2338 4592 NARDINH
2386 4547 2540 4591 Roma
2580 4546 2771 4604 antiqua
2813 4545 3153 4599 inscriptiones

652 4640 966 4690 Gruteri'anas
989 4671 1002 4696 ,
1059 4641 1273 4696 aliasque
1328 4639 1517 4683 aliunde
1574 4643 1711 4683 notas
1759 4638 1913 4694 repeti
1965 4637 2146 4694 passim
2205 4637 2454 4682 observavi
2477 4667 2491 4691 ,
2555 4649 2706 4693 neque
2763 4648 2845 4682 eas
2898 4621 3154 4679 emendare

652 4730 873 4788 dignatus
915 4734 986 4773 est
1024 4729 1316 4773 NIBBYVS.

793 4817 1089 4864 NEMErrz
1139 4815 1328 4874 (loach.
1368 4812 1655 4873 christoph)
1702 4817 1810 4862 vide
1853 4814 1913 4862 de
1960 4815 2282 4862 mtmcms.
2358 4815 2488 4859 lnter
2523 4826 2727 4872 paucas,
2777 4825 2897 4870 quas
2929 4809 3151 4865 exbibet,
