3502 5487
2775 506 2853 568 37

351 649 709 697 necamur.
748 662 883 695 come
919 650 961 694 si
998 650 1135 709 legge
1160 649 1248 694 ‘nel
1284 662 1372 693 suo
1410 649 1641 706 epitafl'io.
1717 649 1903 695 scrisse
1941 649 2087 696 ancbe
2113 662 2206 694 una
2229 647 2400 695 Stoi-io
2428 647 2563 696 della
2592 649 2693 697 vita
2722 666 2748 695 e
2779 649 2864 696 dei

352 740 606 800 mneggi
639 739 824 784 nen-m·
853 736 982 783 delle
1019 737 1180 798 mogh·
1212 736 1288 782 de·
1323 737 1445 784 XII.
1485 734 1696 794 Cesar&
1732 752 1878 796 opera
1903 753 1995 784 non
2021 752 2201 783 ancora
2222 738 2522 795 pubblicata,
2563 754 2587 784 e
2614 740 2699 786 che
2725 737 2859 786 forse

354 832 442 874 nol
468 826 581 874 sari«
604 829 720 873 mai.
795 827 849 871 Io
874 827 971 871 l'bo
997 830 1129 882 letta,
1159 841 1192 885 e,
1210 842 1304 871 non
1330 828 1372 872 ci
1399 826 1461 871 ho
1485 832 1672 873 trovato
1698 824 1754 872 ne
1778 828 1928 873 molta
1950 828 2116 873 critica
2135 860 2149 883 ‚
2188 825 2244 873 ne
2271 829 2506 873 lenocinio
2534 830 2582 874 di
2607 828 2770 874 stile.'’

499 934 828 981 GOLthvs
871 931 1166 989 (Habet-tus)
1214 935 1315 979 Hoc
1362 936 1551 993 quidem
1587 935 1634 978 in
1671 938 1849 994 genere
1889 949 2006 979 raro
2046 941 2372 990 memoratur,
2437 936 2525 982 etsi
2569 950 2596 980 a
2640 934 2861 982 Gruter-o

356 1025 589 1069 intereos
619 1023 848 1077 refertur,
889 1025 968 1083 qui
988 1024 1178 1079 scriptis
1198 1022 1402 1079 publicis
1435 1024 1477 1069 ei
1511 1024 1811 1080 profuerint:
1850 1026 1957 1080 plus
1988 1038 2101 1069 sane
2133 1026 2246 1070 lusit
2275 1026 2323 1069 in
2354 1027 2562 1070 nummis
2587 1024 2714 1070 domi
2739 1038 2860 1070 suae

356 1113 529 1158 flandis
562 1114 811 1173 feriundis.

478 1216 741 1266 'Gomvs
779 1217 1043 1273 (Antonius
1076 1217 1404 1273 franciscus)
1442 1190 1709 1264 Notandum
1742 1205 1832 1275 est,
1872 1217 2085 1265 Gor-ium
2113 1233 2200 1265 nec
2230 1220 2278 1264 in
2307 1218 2542 1265 Dom‘ano
2572 1234 2736 1277 opere,
2769 1235 2859 1266 nec

355 1310 405 1354 in
454 1288 993 1366 Inscriptt.'Etrm-iae
1021 1322 1159 1352 usum
1190 1322 1296 1354 esse
1335 1306 1544 1353 Crateri
1579 1309 1788 1353 editione
1829 1310 2012 1363 altera,
2072 1309 2190 1354 unde
2238 1310 2401 1366 plures
2453 1324 2650 1355 errores
2697 1310 2746 1356 in
2799 1323 2856 1354 ea

356 1403 607 1443 correctos
658 1411 715 1442 ex
762 1399 925 1453 priore
973 1398 1179 1453 repetiit.
1270 1399 1535 1455 Aliquando
1583 1402 1631 1442 et
1678 1399 1834 1454 ipsum
1871 1412 1899 1441 a
1933 1369 2144 1443 raim-iis
2181 1399 2428 1455 deceptum
2466 1411 2572 1443 esse
2617 1398 2859 1444 contendit

353 1484 601 1549 Maffeius
639 1487 685 1531 in
721 1487 924 1541 epistola
954 1487 1159 1541 inedita,
1201 1499 1341 1543 quam
1372 1485 1589 1531 dabimus
1619 1487 1666 1531 in
1703 1488 1970 1542 Appendice
2003 1487 2066 1531 11.

497 1594 822 1638 GRAEVIVS
861 1592 951 1648 (Ῑο.
993 1591 1269 1652 Georgius)
1307 1594 1360 1638 ln
1397 1595 1750 1638 commentariis
1781 1594 1882 1638 suis
1915 1595 1964 1639 in
1995 1596 2183 1639 veteres
2218 1595 2483 1650 scriptores
2515 1600 2563 1640 et
2592 1594 2638 1643 in
2669 1594 2856 1650 praeia-

353 1683 571 1728 tionibus
617 1684 675 1726 ad
726 1679 879 1726 Thes.
929 1679 1126 1760 A'smqq'
1175 1680 1314 1727 Rom.
1354 1666 1494 1740 saepe
1537 1680 1790 1727 Gadium:
1825 1683 1953 1727 saxis
1991 1684 2140 1727 utitur
2175 1683 2428 1729 manifesto
2467 1684 2677 1740 spuriis,
2735 1696 2856 1741 quae

355 1777 523 1828 utpote
563 1772 737 1816 inedita
775 1760 1075 1829 sibique'uni
1113 1773 1369 1816 couunissa
1405 1773 1549 1816 nimia
1585 1773 1781 1816 caritate
1818 1771 2193 1828 amplexabatur.

414 1900 421 1909 ι
503 1877 844 1924 Gnv‘rmtvs
883 1876 1076 1934 (lanus)
1109 1879 1160 1923 ln
1205 1879 1344 1923 buius
1382 1880 1630 1925 Thesauro
1674 1878 1939 1937 ubicunque
1978 1879 2128 1935 probe
2169 1880 2505 1926 attendendum
2540 1884 2616 1925 est
2660 1881 2853 1924 nostrae

354 1968 638 2023 disciplinae
668 1969 915 2021 studioso,
962 1981 1053 2026 qua
1088 1968 1286 2027 quisque
1321 1968 1442 2024 lapis
1472 1969 1755 2014 auctoritate
1785 1969 1849 2013 sit
1876 1970 2116 2025 munitus;
2154 1982 2263 2014 nam
2293 1974 2485 2026 praeter
2521 1981 2607 2023 ea,
2647 1980 2765 2027 quae
2797 1978 2855 2012 ex

353 2055 677 2112 scriptoribus
723 2058 970 2112 suspectis·
994 2056 1042 2101 in
1086 2056 1176 2101 boc
1211 2063 1379 2102 nostro
1420 2058 1572 2105 indice
1616 2059 1793 2103 notatis
1827 2058 2119 2112 afferuntur,
2182 2059 2276 2103 alia
2308 2070 2495 2116 quoque
2531 2056 2700 2102 dubiae
2744 2053 2854 2100 fidei

353 2144 530 2199 babet,
570 2145 702 2189 nulla
730 2146 920 2203 quidem
956 2158 1042 2190 sua
1083 2150 1131 2191 et
1163 2145 1420 2206 Scaliger-i
1455 2148 1620 2202 culpa,
1659 2147 1753 2193 nisi
1790 2147 1917 2204 quod
1952 2145 2122 2200 ambo,
2173 2147 2397 2193 laudabili
2433 2160 2549 2193 sane
2586 2146 2743 2191 studio
2782 2143 2854 2189 in·

353 2235 518 2288 censi,
577 2234 769 2287 omnia,
825 2235 867 2278 si
897 2232 1001 2280 fieri
1034 2241 1225 2290 posset,
1283 2236 1654 2291 complectendi,
1711 2236 1852 2279 nimis
1900 2241 2038 2283 erant
2072 2235 2264 2295 benigni
2302 2241 2350 2281 et
2383 2236 2549 2281 faciles
2586 2235 2634 2279 in
2672 2233 2854 2277 amicos

353 2328 578 2379 suspecta
608 2324 753 2367 etiam
790 2324 914 2367 dona
943 2324 1231 2380 offerentes3
1270 2326 1327 2369 de
1354 2339 1443 2383 qua
1471 2322 1682 2369 Gruter-i
1704 2325 1970 2379 timiditate,
2001 2338 2060 2370 ne
2085 2325 2238 2368 dicam
2264 2325 2564 2379 credulitate,
2597 2323 2853 2381 aliquoties

355 2413 575 2470 queritur
608 2408 1022 2471 Hagenbuclu'us.
1096 2413 1278 2467 „Tanta
1321 2419 1394 2458 est
1427 2414 1702 2473 magnitudo
1738 2413 2024 2458 meritorum
2061 2410 2269 2458 Gruter-i
2304 2418 2352 2457 et
2385 2412 2671 2473 Scaliger-i,
2723 2394 2853 2456 viross

353 2518 463 2549 rum
488 2517 787 2551 summorum
811 2510 860 2551 et
882 2493 1356 2565 κριτικωῒάτων,
1398 2513 1449 2552 ut
1473 2522 1639 2554 omnes
1666 2511 1877 2554 omnium
1909 2511 2093 2569 gratiae
2124 2508 2183 2553 ab
2216 2509 2436 2554 omnibus
2468 2510 2539 2554 eis
2569 2507 2850 2553 debeantur.

351 2594 488 2638 Haud
518 2607 636 2637 raro
666 2599 823 2638 autem
855 2595 1028 2639 accidit
1057 2594 1331 2641 hominibus
1362 2596 1491 2642 bisce
1526 2598 1730 2656 magnis,
1771 2595 2041 2642 bominibus
2072 2602 2246 2652 tamen,
2285 2601 2337 2643 ut
2365 2597 2660 2642 blandientes
2686 2606 2853 2640 eorum

351 2683 660 2727 coniecturae
693 2687 741 2727 et
768 2683 1066 2739 suspiciones
1095 2684 1212 2740 ipsis
1241 2684 1582 2740 imposuerint:
1630 2699 1777 2745 quare
1808 2687 1998 2742 saepius
2029 2686 2269 2742 optabam,
2315 2692 2367 2731 ut
2395 2687 2506 2745 quid
2538 2684 2849 2735 invenissent,

351 2772 497 2831 inque
534 2773 664 2831 quid,
705 2775 829 2830 quod
865 2775 1171 2828 invenerant,
1228 2779 1520 2831 mutassent,
1573 2776 1733 2820 curate
1772 2780 2092 2832 exponerent,
2149 2788 2243 2835 quo
2278 2776 2483 2822 lectores
2512 2775 2723 2821 iudicare
2760 2772 2852 2828 ipsi

350 2865 573 2917 possent.
647 2861 770 2915 Sed,
812 2863 937 2920 quod
968 2864 1147 2907 nollem
1173 2863 1380 2918 factum,
1420 2865 1658 2910 interdum
1692 2865 1926 2919 reticent,
1972 2878 2032 2909 ex
2068 2878 2190 2924 quo,
2232 2855 2357 2923 quod
2393 2865 2595 2919 dedere,
2641 2863 2758 2919 ipsis
2790 2862 2854 2908 sit

352 2955 544 2995 natum:
586 2952 633 2994 in
670 2949 839 3006 primis
870 2948 1121 2996 Gruterus
1150 2953 1444 3008 praeclarius
1474 2955 1618 2998 etiam
1646 2953 1817 2999 fuisset
1852 2953 2053 2999 meritus
2082 2956 2139 2999 de
2170 2954 2326 2999 literis
2364 2954 2493 3000 bisce
2532 2951 2769 3011 antiquis,
2809 2944 2851 2994 si

351 3043 542 3085 retento
574 3044 687 3095 typo
718 3040 901 3094 primo,
943 3054 1052 3085 cum
1088 3054 1145 3085 eo
1178 3047 1314 3098 typos
1350 3042 1554 3086 aliorum
1574 3071 1588 3094 ,
1632 3042 1680 3087 in
1715 3056 1835 3101 quos
1868 3047 2033 3098 postea
2062 3043 2332 3097 inciderat:
2364 3042 2433 3088 ita
2455 3021 2757 3096 contulisset,
2803 3043 2855 3084 ut

348 3118 796 3198 διττογραψιάς
822 3133 951 3187 ipsas
982 3137 1201 3178 enotaret
1228 3133 1404 3189 potius,
1441 3146 1583 3190 quam
1611 3134 1816 3179 inductis
1846 3138 2067 3191 typorum
2092 3135 2356 3190 primorum
2377 3134 2623 3188 exemplis,
2661 3143 2852 3175 eorum·

351 3234 442 3280 que
473 3221 586 3266 loco
615 3221 775 3265 allatis
804 3221 931 3276 aliis,
972 3231 1060 3266 nos
1090 3221 1301 3267 incertos
1332 3222 1620 3281 ignarosque
1651 3223 1932 3275 dimitteret,
1972 3223 2082 3280 quid
2113 3222 2228 3267 alibi
2259 3223 2474 3282 legisset,
2507 3224 2847 3277 mutassetque.

351 3310 509 3368 Quum
545 3305 823 3354 Gruter-um
852 3310 1126 3354 conferrem
1155 3322 1265 3354 cum
1294 3309 1602 3364 auctoribus,
1641 3323 1702 3355 ex
1730 3310 1902 3368 quibus
1931 3309 2187 3364 hauserat,
2224 3311 2272 3355 in
2293 3311 2464 3367 primis
2496 3322 2604 3354 cum
2633 3307 2848 3366 apiano,

349 3410 495 3456 saepe
524 3411 634 3444 sum
666 3399 928 3443 admiratus
958 3400 1366 3445 felicitatem·sive
1403 3389 1644 3454 Gruteri,
1698 3401 1801 3444 sire
1836 3397 2095 3458 Scaligsn‘
2129 3400 2286 3445 divine
2321 3401 2676 3458 restituentium
2710 3408 2851 3441 veras

350 3488 585 3534 lectiones
615 3500 676 3532 ex
706 3488 875 3532 malis:
937 3500 1055 3544 quas
1084 3491 1241 3532 tamen
1269 3488 1451 3541 malas,
1501 3488 1611 3546 quia
1646 3502 1741 3533 uon
1778 3489 2102 3541 adduxerunt,
2152 3488 2382 3533 iudicium
2419 3499 2586 3533 eorum
2623 3485 2852 3530 admirari

346 3590 446 3622 nou
478 3580 710 3632 possunt,
761 3576 852 3621 nisi
883 3577 961 3636 qui
992 3581 1212 3624 auctores
1250 3563 1410 3632 ipsos,
1460 3589 1665 3635 quorum
1692 3581 1830 3632 typos
1859 3582 2204 3633 persanarnnt,
2256 3579 2505 3630 evolvunt,
2550 3575 2674 3634 quod
2712 3584 2852 3631 quam

347 3665 642 3722 pancissimi,
672 3664 880 3709 faciunt:
939 3664 1016 3708 vel
1059 3662 1183 3719 dno,
1240 3665 1317 3709 cel
1344 3677 1519 3709 nemo:
1569 3670 1712 3721 turpe
1747 3670 1799 3708 et
1830 3665 2155 3710 miserabile!
2223 3666 2386 3710 Inveni
2423 3678 2539 3710 vero
2576 3663 2856 3713 collatione,-

351 3767 493 3812 quam
521 3754 653 3809 disi,
705 3753 921 3798 instituta
944 3786 955 3807 ,
1011 3752 1092 3797 ubi
1125 3754 1317 3797 omnino
1350 3754 1473 3800 scire
1505 3755 1733 3807 interest,
1781 3754 1893 3812 quid
1936 3755 2016 3799 alii
2054 3759 2161 3798 ante
2199 3751 2474 3798 Gruterum
2509 3751 2751 3803 dederint,
2803 3753 2855 3794 ut

348 3843 621 3888 examinata
666 3842 871 3886 lectione
921 3842 1213 3887 Gruteriana
1259 3844 1385 3886 alind
1436 3844 1574 3899 quid,
1638 3842 1783 3900 lquam
1824 3844 1949 3901 quod
1993 3840 2243 3887 Gruterus
2287 3843 2439 3893 dedit,
2498 3840 2673 3898 legenti
2718 3838 2850 3883 exire

345 3933 518 3987 possit.
595 3930 726 3975 Haec
755 3932 1019 3988 generatim
1051 3945 1247 3976 mouere
1280 3931 1400 3975 baud
1429 3932 1636 3975 alienum
1666 3931 1781 3975 mibi
1813 3931 1970 3976 visum
2001 3936 2103 3975 est:
2143 3931 2357 3984 exempla
2390 3929 2623 3973 adducere
2657 3940 2852 3982 possum

342 4021 583 4076 plurima,
640 4021 725 4063 sed
774 4020 971 4074 paucula
1013 4019 1089 4063 bic
1135 4020 1283 4063 citare
1326 4032 1412 4064 ero
1455 4025 1721 4064 contentus.
1820 4018 1963 4065 Grnt.
2006 4015 2135 4072 818,
2191 4016 2272 4063 11.
2331 4017 2518 4061 nonnisi
2557 4030 2613 4059 ex
2656 4013 2854 4072 Apicum

342 4122 398 4165 p.
434 4105 552 4162 10³,
594 4106 640 4151 1.
680 4109 761 4151 dat
790 4105 1069 4161 Gruterus,
1122 4112 1281 4152 tacens
1318 4112 1398 4151 aut
1430 4121 1503 4162 se,
1542 4113 1624 4152 aut
1657 4107 1981 4167 Scaliger-um
2016 4105 2204 4163 Apsum·
2237 4105 2603 4152 DECLlons
2641 4110 2850 4148 mutasse

350 4198 400 4241 in
435 4196 498 4241 D.
539 4196 599 4241 F.
642 4194 959 4240 CHLORVS.
1044 4196 1132 4240 Hic
1183 4209 1299 4241 vero
1350 4197 1514 4242 dubito
1561 4196 1624 4241 ob
1672 4196 1868 4240 nimiam
1914 4197 2162 4240 raritatem
2210 4195 2508 4254 cognominis
2556 4193 2852 4240 CHLORvs

346 4297 513 4330 veram
550 4285 810 4329 lectionem
828 4296 945 4333 ,sese
977 4285 1162 4330 dedisse
1194 4286 1390 4329 mutanti
1423 4299 1480 4331 ex
1518 4287 1739 4343 ingeni03
1792 4285 1903 4342 quid
1941 4298 2030 4339 pro
2063 4283 2431 4330 DECLtolws
2468 4284 2688 4328 fueritin
2735 4294 2852 4326 saxo

347 4374 485 4430 ipso,
531 4387 627 4417 non
672 4370 910 4416 definiam.
987 4373 1111 4418 Grut
1147 4370 1275 4427 856,
1324 4371 1372 4418 3.
1445 4372 1633 4430 Apium'
1670 4379 1850 4420 textum
1890 4388 1935 4430 p.
1964 4370 2092 4427 134,
2136 4372 2180 4417 1.
2237 4373 2315 4417 .1..
2371 4373 2618 4417 ALrlvs.
2676 4371 2733 4415 L.
2792 4370 2850 4424 L,

324 4460 724 4528 *NASENNJAn
762 4461 1079 4514 NASENMA
1117 4464 1156 4506 Ι.
1197 4463 1254 4506 L.
1298 4462 1514 4508 CERDO
1548 4463 1608 4506 D.
1648 4466 1668 4510 n
1712 4464 1764 4506 S.
1795 4462 1862 4506 f.
1906 4472 1963 4516 ξ).
2005 4473 2061 4516 ς).
2103 4461 2160 4506 L.
2201 4461 2622 4510 PROTABILEM
2663 4458 2846 4506 Avo..

349 4550 413 4595 Η.
448 4551 537 4595 SS.
576 4549 640 4594 IN
674 4548 936 4595 PRONTB
968 4550 1197 4595 Pssnvm
1221 4556 1241 4598 ll
1268 4551 1380 4596 1111.
1415 4551 1500 4596 IN.
1533 4551 1680 4596 ΑΕΒ.
1713 4550 1921 4596 PEDES
1953 4550 2067 4596 1111.
2108 4551 2174 4594 ita
2204 4552 2310 4604 dat,
2348 4556 2398 4594 ut
2428 4551 2591 4595 literas
2627 4550 2853 4607 quasdam

350 4641 491 4684 docte
517 4641 753 4692 emendet,
791 4639 911 4682 alias
948 4645 1047 4683 tres
1082 4641 1287 4690 omittat,
1322 4652 1379 4683 ex
1407 4640 1626 4685 versibus
1653 4641 1858 4697 quinque
1888 4640 2031 4684 faciat
2067 4645 2277 4694 septem:
2316 4638 2374 4683 L.
2407 4638 2634 4684 ALFIVS
2653 4641 2672 4687 ll
2698 4637 2756 4681 L.
2791 4637 2848 4681 L.

354 4727 694 4774 misenum.
718 4726 1053 4772 nasama.
1082 4734 1104 4775 ιι
1126 4728 1183 4773 1..
1218 4727 1276 4773 1..
1311 4728 1525 4774 cit-:nno
1557 4733 1576 4777 ιι
1610 4740 1666 4783 ς).
1698 4728 2160 4784 o-L·PRO‘1·AD¹-
2194 4728 2349 4774 LEM.
2383 4728 2513 4774 avo
2539 4731 2558 4775 ιι
2593 4728 2650 4771 ιι.
2680 4708 2731 4770 s.
2760 4726 2845 4771 ss

354 4817 420 4862 ΙΝ
460 4815 723 4862 ΡΒΟΝΤΕ
760 4814 1005 4860 PEDVM.
1048 4816 1160 4861 1111.
1205 4820 1225 4865 ll
1269 4817 1352 4861 ΙΝ.
1392 4817 1537 4862 AGR.
1576 4817 1803 4863 Panes,
1841 4818 1954 4863 1111.
1995 4842 2061 4856 --
2105 4818 2313 4873 Capuae.
2385 4817 2441 4862 ln
2476 4818 2630 4862 indice
2658 4812 2742 4860 23.
2783 4816 2849 4860 nil
2929 4837 2941 4877 .'

355 4909 478 4953 sani.
520 4905 627 4951 Non
652 4907 872 4951 viderunt
893 4906 1070 4951 misere
1092 4907 1308 4951 immixta
1334 4920 1440 4953 esse
1461 4913 1507 4954 e:
1526 4908 1739 4960 confusa,
1769 4921 1887 4966 quae
1910 4908 2062 4953 tribus
2080 4907 2259 4952 areolis
2278 4909 2350 4953 sic
2365 4907 2660 4964 distinguere
2679 4916 2848 4950 conor:
