3502 5487
469 471 478 479 ·
559 538 586 551 l
675 410 679 415 Φ
741 458 856 515 540
1780 453 2183 513 EPISTOLA

735 590 915 639 verint
960 582 1251 658 legendum
1293 566 1612 641 SILvANo
1662 584 1739 659 (v.
1786 585 1939 641 Mur.
1983 592 2123 648 102.
2170 583 2249 660 7.)
2299 583 2547 639 eruditus
2593 582 2817 659 quidam
2862 583 2935 636 ad
2974 586 3242 656 Equitem

734 695 844 734 cet.
888 679 1076 734 literas
1118 678 1305 746 dedit,
1351 678 1665 744 obtestans,
1720 679 1961 731 Caetera
1998 697 2135 749 quae
2172 677 2289 731 heic
2326 679 2727 733 Inter-mediant
2760 678 2966 739 dele3''
3037 681 3242 749 quibus

732 778 980 846 primum
1018 776 1147 827 visis
1187 776 1374 825 statim
1415 770 1483 824 ad
1523 786 1586 823 ea
1633 769 2069 844 confugiurquae
2105 771 2251 844 apud
2289 773 2519 826 Poe'tam
2560 788 2892 843 sequuntur:

1109 869 1319 938 Puppi-r
1362 863 1806 916 Achaemeniden
1844 866 2079 916 Graium
2116 865 2369 917 Troiana
2405 871 2614 937 recepte
2627 884 2649 917 .·

911 1020 914 1023 Ι
1252 955 1487 1027 Profuit
1519 965 1576 1009 et
1614 959 1689 1013 M
1676 977 1791 1031 yso
1841 959 2025 1014 Pelias
2060 956 2231 1009 hasta
2261 959 2405 1011 draci.

879 1052 1087 1118 Missa,
1140 1066 1277 1124 quae
1320 1052 1459 1105 mihi
1502 1049 1646 1104 iacta
1680 1050 1786 1104 suit
1830 1054 2030 1105 iniuria
2057 1052 2428 1117 PATERNA,
2484 1066 2648 1123 quam
2696 1055 2773 1104 ita
2813 1067 3063 1116 vocans,
3132 1072 3240 1122 quo

727 1146 871 1205 mihi
904 1145 1031 1197 loco
1064 1149 1172 1209 sis,
1240 1161 1349 1215 quo
1386 1144 1525 1196 mihi
1563 1143 1691 1197 loco
1726 1145 1961 1211 colaris,
2011 1142 2245 1198 candide
2282 1160 2337 1198 et
2375 1163 2499 1198 vere
2534 1144 2755 1212 scribo,
2804 1145 2873 1196 ab
2908 1146 3244 1199 Emendati-

728 1238 926 1291 dorum
963 1238 1278 1293 TVORVM
1315 1237 1477 1302 loco,
1537 1242 1786 1309 quamvis
1832 1253 1983 1291 tanta
2016 1239 2360 1291 humanitate
2400 1242 2641 1311 scripto,
2702 1255 2762 1290 ut
2801 1236 2869 1290 de
2904 1223 3239 1294 siLvniio

733 1330 952 1385 tacendi
996 1334 1385 1385 necessitatem
1421 1331 1561 1383 mihi
1594 1335 1880 1403 imponat,
1941 1330 2189 1384 noudum
2226 1347 2411 1385 tamen
2452 1332 2621 1393 abeo;
2670 1337 2801 1401 quia
2834 1333 3103 1385 detinent
3154 1352 3238 1385 me

663 1472 684 1489 „4
726 1425 866 1478 haec
898 1424 1063 1477 verba
1101 1440 1376 1491 extrema,
1420 1421 1713 1494 quaeslseic
1743 1424 2174 1491 inter-mediant,
2230 1424 2412 1497 paullo
2462 1440 2621 1492 ante,
2672 1424 2923 1480 eiusdem
2959 1442 3103 1497 puta
3143 1445 3238 1479 co-

724 1518 948 1571 lumnae
988 1523 1184 1584 initio,
1250 1535 1464 1595 quoque
1504 1533 1535 1570 a
1574 1518 1672 1570 ΤΕ
1715 1522 1929 1589 posita,
1984 1537 2124 1589 qnae
2171 1518 2592 1573 inter-mediant.
2669 1521 2828 1572 Hanc
2864 1519 2994 1572 stili
3032 1519 3237 1572 harba-

725 1615 870 1664 riem
908 1610 1174 1669 iaciilime
1214 1616 1472 1665 evitasses
1507 1608 1764 1684 ponendo
1799 1610 2121 1683 utrobique,
2168 1600 2322 1682 lquae
2365 1611 2698 1665 intermedia
2739 1621 2909 1673 sunt,-
2963 1629 3068 1665 seu
3108 1613 3233 1668 bre-

725 1709 844 1757 vius
884 1704 1337 1778 participialiter,
1391 1703 1758 1767 intermedia,
1798 1720 1888 1781 wse.
1929 1699 2098 1761 ὄντα.
2175 1704 2364 1759 Meam
2410 1704 2657 1759 sordium
2696 1704 2949 1759 Fabretti
2993 1724 3228 1758 reman-

721 1816 919 1877 sasum
955 1799 1439 1872 reprehensionem
1471 1812 1667 1851 contra
1701 1797 1799 1849 TE
1833 1801 1973 1849 tueri
2017 1797 2202 1852 debui.
2276 1799 2438 1852 Nunc
2470 1817 2537 1851 ex
2572 1799 2666 1851 TE
2706 1814 2951 1870 quaero,
3001 1815 3077 1851 an
3118 1819 3227 1853 nou

722 1891 944 1946 soloeca
982 1907 1151 1963 aeque
1190 1882 1335 1957 sint,
1377 1906 1513 1963 quae
1544 1890 1699 1944 TIBI
1739 1890 1872 1943 stilo
1906 1906 2089 1943 cetera
2122 1895 2271 1963 gravi
2302 1907 2356 1945 et
2396 1907 2593 1945 ornato
2635 1896 2847 1956 utenti,
2895 1892 3227 1946 exciderant

721 1990 936 2050 verius,
997 2001 1163 2057 quam
1193 2000 1328 2058 puto
1381 1984 1705 2058 probantur.
1785 1986 2086 2056 Inscriptio
2129 2000 2161 2035 a
2214 1981 2401 2040 Gudio
2447 1993 2745 2051 emanata,
2801 1985 2871 2036 de
2922 1986 3088 2055 Sigl.
3130 1988 3223 2040 Gr.

721 2094 850 2153 pag.
897 2081 993 2136 69.
1046 2096 1147 2152 pro
1197 2097 1334 2149 quae
1377 2084 1685 2151 emanavif.
1762 2082 2098 2138 Pet-ventum
2154 2083 2330 2146 (esse)
2384 2096 2484 2152 pro
2516 2084 2872 2151 pervenisse,
2927 2084 3110 2134 initio
3144 2099 3224 2154 ep.

720 2156 848 2230 xv.
882 2176 1021 2226 Aac.
1072 2166 1221 2235 Gau.
1259 2172 1358 2227 sel.
1405 2189 1526 2245 pag.
1562 2175 1655 2230 69.

876 2275 973 2326 Ad
998 2284 1053 2327 te
1084 2276 1222 2328 dare
1256 2281 1500 2329 sustinui
1537 2275 1634 2329 ΤΕ
1673 2276 1814 2331 mihi
1851 2274 2124 2329 obiecisse
2166 2277 2418 2329 memini.
2495 2274 2658 2329 Nunc
2696 2278 2963 2343 invenio,
3024 2295 3117 2330 me
3157 2276 3223 2329 ad

719 2350 1079 2423 Bouhierium
1108 2389 1247 2441 pag.
1293 2376 1379 2430 13.
1418 2371 1515 2423 lin.
1556 2371 1611 2428 6.
1646 2374 1936 2443 scripsisse
1972 2369 2053 2421 ad
2084 2378 2170 2434 te,
2214 2369 2277 2423 V
2273 2373 2325 2420 ir
2362 2368 2733 2436 gravis-sinte,
2777 2368 2919 2421 dare
2951 2376 3221 2435 sustineai,

721 2467 819 2531 qui
857 2461 993 2516 ordo
1032 2461 1318 2516 verborum
1344 2480 1591 2517 meorum
1617 2480 1802 2515 nonne
1833 2462 1902 2514 ab
1936 2479 2167 2515 numero
2199 2464 2422 2535 poetico
2455 2466 2589 2516 satis
2630 2460 2785 2516 abit?
2865 2463 3222 2517 choriambo

718 2570 908 2608 autem
942 2553 1232 2628 periodum
1264 2555 1549 2624 claudere,
1611 2560 1734 2628 quis
1779 2571 2023 2629 unquam
2053 2553 2473 2610 reformidavit?
2549 2553 2657 2611 Sed
2695 2555 2838 2609 haee
2870 2557 3028 2611 levia
3066 2575 3219 2615 sunt.

716 2649 899 2723 Pergo
938 2651 1006 2702 ad
1054 2648 1222 2705 aliud.

869 2762 1168 2837 Obstupui,
1194 2761 1390 2828 fateor,
1421 2781 1590 2834 quum
1629 2761 1988 2836 praefationis
2016 2761 2207 2816 'rvAE
2242 2760 2404 2815 verba
2436 2764 2667 2835 paginae
2696 2776 2932 2815 octavae
2967 2779 3223 2818 extrema

713 2853 988 2929 legerem,
1067 2873 1133 2909 ac
1177 2862 1223 2910 si
1273 2875 1393 2930 pag.
1427 2860 1518 2916 8¹1.
1559 2875 1705 2922 uon,
1772 2873 1835 2910 ut
1876 2861 1935 2908 in
1974 2859 2221 2928 margine
2252 2860 2460 2908 omissa
2500 2856 2844 2929 parenthesis
2884 2873 3031 2910 nota
3076 2863 3223 2913 citas

713 2968 771 3023 p.
805 2953 895 3011 8'1.
943 2951 1241 3006 Muratorii
1281 2951 1611 3018 consilium,
1680 2954 2163 3020 inscriptiones'in
2198 2965 2443 3002 veterum
2484 2964 2772 3002 auctorum
2799 2947 2973 3003 libris
3016 2952 3223 3006 relatas

714 3046 780 3095 in
823 3060 984 3095 suum
1030 3043 1376 3096 Thesaurum
1411 3041 1782 3115 importandi,
1849 3063 1963 3099 non
2001 3041 2303 3108 damnans,
2348 3047 2481 3114 quin
2517 3041 2780 3111 laudans,
2824 3042 2885 3096 id
2926 3045 3083 3097 mihi
3128 3065 3227 3102 vo-

712 3134 969 3201 luissem,
1025 3138 1166 3192 nihii
1212 3153 1301 3190 me
1354 3135 1692 3190 discriminis
1737 3153 1984 3190 statuere
2030 3141 2174 3190 inter
2220 3140 2637 3209 inscriptiones,
2687 3152 2820 3208 quas
2856 3154 2924 3189 ex
2968 3155 3230 3193 marmo-

712 3229 868 3282 ribus
928 3235 1061 3302 ipsis
1119 3235 1198 3283 rei
1250 3231 1634 3304 epigraphicae
1681 3235 2010 3304 peritissimi
2060 3234 2164 3284 viri
2216 3235 2624 3290 recensuerint3
2688 3246 2744 3283 et
2776 3245 2912 3302 quas
2947 3231 3125 3287 docti
3156 3254 3229 3288 ex

711 3323 953 3375 aliorum
993 3339 1210 3377 tantum
1241 3324 1494 3392 schedis,
1565 3324 1840 3398 flagitiose
1877 3341 2040 3398 saepe
2072 3327 2383 3397 corruptis,
2430 3321 2793 3397 prodiderint.
2874 3325 3055 3396 Quod
3094 3347 3231 3400 per-

711 3416 1009 3469 absurdum
1045 3435 1135 3469 me
1173 3436 1350 3489 neque
1390 3418 1683 3491 protulisse
1714 3435 1973 3490 usquam,
2016 3436 2192 3490 neque
2230 3421 2535 3472 somniasse
2568 3434 2842 3488 unquam,
2879 3435 3050 3474 certo
3074 3427 3230 3476 seio.

713 3510 968 3564 Titulum
1013 3512 1319 3564 Proaeresii
1374 3509 1520 3584 apud
1567 3513 1882 3586 Eunapium
1936 3511 2323 3565 inveniendum
2370 3527 2402 3562 a
2443 3513 2754 3566 Muratorio
2792 3519 2990 3567 notavi
3028 3517 3234 3589 negle-

711 3619 866 3657 ctum
907 3622 1057 3657 esse:
1121 3623 1284 3676 quem
1326 3609 1374 3658 si
1415 3609 1473 3658 in
1509 3605 1764 3679 Eunapio
1800 3606 1910 3677 legi
1948 3609 2232 3692 scivisset,
2292 3603 2439 3658 haud
2473 3603 2638 3658 dubie
2675 3604 2954 3671 dedisset,
3025 3628 3105 3663 ne
3154 3610 3233 3662 ab

713 3702 958 3751 instituti
999 3701 1084 3750 sui
1123 3702 1337 3752 ratione
1382 3696 1721 3753 deflecteret.
1797 3701 1956 3754 Hanc
1993 3703 2144 3752 enim
2181 3704 2239 3751 in
2278 3696 2592 3769 colligendo
2630 3699 2917 3753 Thesauro
2950 3718 3067 3755 suo
3104 3704 3231 3757 sibi

709 3791 890 3863 legem
931 3792 1078 3858 fixit,
1137 3790 1334 3846 edendi
1368 3792 1521 3845 nullo
1560 3792 1754 3846 habito
1799 3791 2150 3846 discrimine:
2203 3795 2249 3847 1.
2284 3793 2696 3865 Epigrammata
2730 3791 2911 3847 adhuc
2951 3800 3019 3848 in
3062 3815 3235 3851 vetu-

710 3885 1129 3958 stis-lapidibus
1165 3891 1486 3940 exsistentia
1533 3885 1701 3962 (unde
1743 3886 1886 3940 unde
1929 3902 2188 3959 accepta,
2266 3890 2378 3939 sive
2430 3885 2501 3937 ab
2545 3884 2914 3955 αὑτόπταις,
2978 3896 3107 3943 sive
3160 3911 3236 3946 ex

707 3977 960 4046 schedis,
1015 3984 1127 4033 sive
1172 3998 1238 4034 ex
1277 3985 1649 4033 recentiorum
1698 3980 1909 4046 libris.)
1991 3982 2068 4034 11.
2110 3982 2556 4053 Epigrammata,
2601 3996 2739 4051 quae
2778 3980 2991 4035 dudum
3038 3992 3239 4057 perse-

708 4088 871 4138 runt,
914 4089 970 4126 at
1005 4078 1063 4126 in
1101 4079 1214 4127 suis
1251 4073 1409 4127 libris
1446 4089 1656 4128 veteres
1694 4074 1858 4128 nobis
1889 4089 2200 4127 servarunt:
2257 4063 2570 4126 cuiusmodi
2600 4090 2685 4128 est
2720 4075 3044 4130 Proseresii
3082 4084 3238 4133 titu-

707 4168 795 4221 lus
829 4168 898 4218 ab
925 4167 1177 4239 Eunapio
1215 4167 1376 4221 nobis
1409 4183 1671 4223 servatus.
1753 4170 1860 4222 111.
1889 4169 2334 4240 Epigrammata,
2373 4184 2512 4237 quae
2545 4185 2659 4220 non
2691 4168 2931 4238 amplius
2966 4188 3239 4239 exstant,

709 4277 769 4314 at
802 4265 860 4314 iu
892 4259 1110 4314 schedis
1143 4266 1478 4315 recentiores
1518 4261 1679 4316 nobis
1724 4276 2028 4315 servarunt.
2107 4261 2228 4315 Hoc
2271 4261 2568 4329 Muratorii
2624 4241 2929 4316 consilinm
2984 4281 3237 4321 tant-am

710 4353 888 4407 abfuit
922 4370 980 4407 ut
1014 4354 1364 4409 damnarem:
1403 4354 1619 4416 laudavi
1653 4361 1861 4429 potius,
1899 4375 1948 4411 v.
1977 4371 2032 4408 et
2062 4374 2223 4412 τεσσ.
2261 4373 2322 4428 Ρ.
2344 4357 2476 4416 487.
2516 4355 2621 4411 lin.
2660 4361 2751 4414 10.
2788 4371 2842 4410 et
2877 4363 3237 4415 etiamnunc

709 4447 893 4502 laudo.
970 4447 1184 4516 Habes,
1233 4466 1341 4521 quo
1374 4467 1536 4503 sensu
1574 4451 1873 4504 Muratorii
1918 4466 2019 4522 ego
2057 4446 2308 4501 laudator
2340 4467 2396 4520 p.
2438 4451 2529 4510 84.
2566 4454 2684 4503 eius
2715 4451 2855 4503 mibi
2900 4452 3083 4506 verba
3109 4462 3233 4509 sim

711 4546 1133 4614 interpretatus,
1196 4547 1474 4615 proxime,
1542 4542 1711 4596 credo
1762 4543 1829 4595 ad
1878 4558 2122 4596 mentem
2157 4548 2327 4616 ipsius
2367 4543 2693 4597 Muratorii:
2769 4560 2943 4599 sensu
2982 4548 3233 4620 quidem

709 4650 858 4687 certe
892 4634 1054 4707 longe
1092 4634 1232 4714 alio,
1290 4652 1452 4708 quam
1508 4654 1673 4707 quem
1728 4635 1886 4691 ‘rim
1933 4635 2002 4690 de
2048 4654 2136 4690 me
2177 4636 2438 4710 fingebas.
2515 4642 2701 4708 Quam
2743 4636 2924 4706 bene,
2979 4661 3234 4714 quamn

708 4729 850 4783 male
888 4745 1120 4801 magnus
1158 4735 1343 4799 magni
1378 4730 1504 4784 libri
1541 4747 1695 4804 pater
1735 4729 1974 4784 mediam
2014 4731 2236 4784 consilii
2277 4736 2361 4785 sui
2396 4733 2642 4805 partem,
2694 4730 2763 4785 de
2798 4750 2910 4805 qua
2952 4752 3097 4809 pag.
3132 4742 3236 4800 δὴ.

709 4842 798 4878 me
832 4826 1008 4898 egisse
1042 4822 1300 4877 omnibus
1333 4824 1517 4899 palam
1545 4840 1660 4893 est,
1708 4829 1783 4879 sit
1815 4841 2035 4879 secutus
2070 4840 2126 4879 et
2164 4841 2483 4896 exsecutus,
2530 4844 2602 4880 ae
2635 4843 2785 4886 nune
2821 4829 3069 4899 quidem
3096 4849 3239 4887 mr.
