3502 5487
1224 477 2021 552 PRAEFATIO.
2788 483 2868 546 15

373 652 601 726 iidem,
651 649 706 713 si
752 650 902 713 mihi
950 649 1149 712 visum
1196 657 1398 724 esset,
1447 639 1754 712 c'ollocari
1799 660 2096 731 poteraut
2143 649 2326 714 etiam
2375 664 2527 734 post
2581 651 2869 734 opifices.

380 767 484 830 Ab
535 763 796 828 illorum
854 762 1103 847 quidem
1158 759 1518 824 ministeriis
1566 782 1761 845 quum
1815 762 2102 843 separari
2145 784 2276 827 non
2318 776 2584 846 possent
2630 764 2863 839 officia,

376 899 536 963 quae
581 876 918 951 dicuntur,
988 877 1216 943 domus
1259 874 1632 957 Augustae,
1692 876 1771 936 de
1816 873 1912 937 his
1958 896 2216 958 quoqne
2260 876 2324 939 in
2369 876 2684 959 lapidibus
2729 899 2870 940 sae-

377 991 630 1073 pissime
676 987 1077 1062 memoratis,
1127 998 1425 1070 quantum
1457 998 1680 1051 nostro
1712 1009 1836 1069 pro
1868 988 2138 1053 consilio
2167 990 2310 1052 fieri
2341 992 2635 1065 debebat,
2683 1012 2868 1054 aecu-

374 1103 570 1166 ratius
616 1102 885 1187 egimus.
974 1101 1280 1163 Libertos
1317 1100 1585 1180 posthae
1627 1118 1663 1161 e
1702 1099 2009 1162 servitute
2049 1101 2313 1166 emissos
2359 1102 2695 1186 civiliaque
2729 1106 2872 1167 iura

376 1219 641 1298 adeptos
700 1212 1021 1286 comitati,
1097 1211 1501 1296 pervenimus
1562 1214 1644 1273 ad
1685 1211 1925 1295 Populi
1967 1212 2165 1294 ipsius
2209 1226 2677 1278 sacrosanctam
2723 1238 2872 1299 cer-¹

376 1329 584 1412 tisque
627 1327 880 1410 legibus
926 1323 1285 1388 adstrictam
1331 1325 1734 1400 societatem,
1780 1323 1847 1387 in
1891 1324 2072 1389 cuius
2115 1325 2389 1411 imagine
2434 1330 2866 1391 adumbranda

378 1440 608 1503 civium
640 1460 900 1523 genera,
951 1438 1228 1512 ordines,
1277 1436 1473 1501 totius
1511 1437 1604 1500 rei
1639 1436 1931 1522 publicae
1954 1438 2251 1516 formam,
2300 1440 2502 1524 leges,
2551 1453 2862 1516 senatum,

377 1552 784 1636 magistratus
828 1549 1080 1625 varios,
1141 1551 1455 1627 honores,
1533 1572 1791 1613 munera
1836 1572 2035 1635 usque
2078 1554 2161 1613 ad
2201 1546 2544 1615 novissima
2589 1553 2868 1618 Romani

376 1663 626 1747 imperii
685 1676 975 1745 tempora
1034 1659 1493 1726 recensuimus.
1603 1664 1821 1748 Leges
1896 1662 2144 1746 quidem
2208 1664 2412 1745 ipsas,
2498 1688 2687 1750 quas,
2773 1667 2864 1729 uti

378 1799 596 1859 spero,
647 1775 956 1839 Klenzius
1000 1775 1402 1838 illustrandas
1446 1774 1567 1838 sibi
1612 1788 1860 1852 sumet,
1903 1776 2291 1857 paucissimis
2339 1778 2661 1860 exceptis,
2711 1800 2867 1844 con-

382 1891 548 1953 sulto
588 1910 714 1954 non
756 1887 1115 1971 attigimus3
1163 1908 1367 1971 neque
1406 1880 1568 1950 enim
1602 1886 1666 1951 in
1702 1888 1780 1951 iis
1818 1888 2309 1970 interpretandis
2355 1911 2470 1953 nos
2522 1890 2676 1953 iuris
2726 1892 2869 1974 qui-

382 2004 517 2064 dem
575 2000 970 2083 prudentiam
1033 2021 1349 2085 nunquam
1400 1999 1680 2081 professi
1739 1999 2054 2063 nobismet
2113 2001 2269 2082 ipsis
2313 2002 2861 2077 satisfecissemus,

379 2137 494 2177 nec
548 2112 921 2195 simpliciter
964 2116 1210 2176 easdem
1254 2113 1620 2176 exscribere
1665 2115 1957 2176 vacabat.
2048 2112 2265 2178 Nolim
2312 2113 2547 2199 igitur,
2598 2137 2864 2200 quaeras

380 2228 783 2289 desideresve
827 2247 965 2290 meo
1012 2225 1075 2288 in
1120 2225 1287 2290 libro
1333 2228 1405 2289 S.
1454 2223 1537 2291 C.
1585 2228 1661 2287 de
1694 2226 2224 2301 Bacchanalibus,
2274 2248 2390 2290 nec
2421 2227 2665 2312 Legem
2712 2230 2865 2291 Ser-
2949 2232 2967 2246 ⁸

382 2339 631 2417 viliam,
684 2360 801 2402 nee
843 2338 1226 2401 iudiciariam
1273 2338 1517 2402 Galliae
1558 2337 1962 2420 Cisalpinae,
1994 2359 2113 2401 nee
2149 2339 2640 2402 Heracleensem
2682 2341 2866 2401 tabu·-

379 2453 496 2514 lam
571 2455 670 2531 (ut
731 2455 1055 2534 eleganter
1112 2473 1252 2514 cum
1310 2452 1596 2535 Hugone
1655 2451 1953 2532 loquar),
2018 2472 2136 2513 nec
2193 2451 2402 2535 legem
2448 2452 2864 2517 Puteolanam

378 2564 603 2646 parieti
646 2562 971 2640 faciundo,
1020 2584 1137 2626 nee
1178 2560 1441 2647 regiam,
1491 2583 1652 2645 quae
1697 2560 1951 2637 dicitnr,
2001 2561 2404 2644 Vespasiani,
2454 2584 2657 2647 neque
2695 2566 2865 2627 Acta

377 2676 479 2739 illa
526 2688 778 2740 senatus
823 2674 1263 2759 supposititia,
1309 2695 1427 2737 nee
1469 2674 1781 2737 Tabulam
1827 2674 2276 2738 alimentariam
2324 2674 2607 2751 Traiani,
2658 2697 2866 2762 neque

378 2789 800 2867 An‘tiatinam,
850 2811 1091 2875 neque,
1156 2800 1224 2851 ut
1268 2790 1347 2852 ad
1387 2772 1697 2851 historica
1740 2788 2162 2873 progrediar,
2213 2790 2446 2853 Fastos
2493 2791 2862 2853 consulares

380 2924 453 2964 ae
490 2901 926 2983 triumphales,
960 2923 1077 2964 nec
1115 2901 1605 2965 Monumentum
1639 2901 2076 2981 Ancyrannm,
2111 2922 2228 2964 nec
2267 2901 2717 2986 Torigniense,
2753 2924 2865 2965 ne-

378 3036 498 3099 que
528 3013 882 3086 orationem
918 3012 1166 3079 Claudii
1197 3011 1518 3087 Caesaris,
1569 3034 1756 3097 qnae,
1801 3013 2036 3096 optime
2067 3014 2221 3076 mihi
2258 3026 2437 3090 nota,
2475 3014 2612 3078 sere
2651 3014 2862 3079 omnia

378 3127 629 3211 saepius
673 3125 791 3189 iam
837 3125 986 3188 alibi
1029 3137 1173 3188 sunt
1231 3124 1534 3206 repetita.
1623 3124 2092 3190 Abstinendum
2149 3126 2310 3206 enim
2370 3139 2507 3190 erat
2553 3149 2588 3189 a
2630 3126 2862 3190 talibus

374 3239 517 3308 ideo
563 3259 845 3325 quoque,
894 3250 964 3301 nt
1003 3238 1213 3302 locum
1244 3236 1405 3313 aliis,
1453 3236 1897 3301 minutioribus
1923 3238 2225 3315 fortasse,
2260 3259 2685 3302 reservarem.
2736 3241 2864 3302 Sed

375 3374 517 3418 cum
547 3349 1021 3434 magistratibus
1053 3349 1369 3413 artissimo
1400 3333 1659 3414 vinculo
1691 3348 2028 3414 coniuncta
2062 3349 2334 3418 vidimus
2374 3351 2579 3417 officia
2618 3351 2862 3415 minora

376 3464 849 3546 apparitorum,
897 3461 1284 3536 scribarum,
1335 3473 1744 3539 exactorum,
1793 3460 2249 3557 tabulariorum
2270 3455 2296 3538 ς’
2334 3485 2475 3527 cum
2523 3475 2657 3528 tota
2703 3485 2860 3528 vero

370 3596 442 3639 re
489 3575 738 3657 publica
769 3587 831 3638 et
860 3569 1128 3656 operum
1157 3573 1562 3656 publicorum
1594 3595 1667 3636 ac
1696 3572 2105 3659 vectigalium
2136 3573 2494 3639 universam
2525 3576 2857 3652 rationem,

373 3701 434 3751 et
490 3708 625 3751 rem
684 3686 1055 3763 militarem,
1117 3686 1347 3771 quibus
1408 3686 1696 3751 omnibus
1753 3685 2006 3770 singula
2062 3685 2269 3769 capita
2325 3699 2472 3751 sunt
2516 3687 2862 3772 assignata.

375 3800 808 3885 Quamquam,
875 3798 1189 3882 permulta
1256 3818 1406 3861 sane
1473 3820 1510 3860 a
1566 3797 1896 3880 prioribus
1967 3796 2452 3880 inscriptionum
2509 3800 2888 3882 editoribus

373 3911 510 3975 iure
566 3915 843 3997 quodam
898 3933 1016 3977 suo
1076 3911 1241 3976 inter
1299 3930 1501 3992 opera
1556 3910 1810 3992 publiea
1860 3910 2057 3973 relata
2097 3924 2515 3994 praeceperat
2555 3912 2742 3978 nobis
2786 3935 2860 3991 ea

371 4024 588 4107 operi·
644 4046 836 4107 pars,
910 4043 1078 4109 quae
1135 4015 1556 4088 monumentis
1612 4020 1939 4087 historicis
1984 4020 2185 4086 dicata
2228 4022 2630 4108 diligentiore
2674 4025 2864 4089 etiam

365 4157 525 4203 cnra
559 4136 753 4223 digna
790 4138 1158 4210 videbatur3
1203 4137 1366 4199 unde
1401 4131 1637 4198 factum
1675 4145 1794 4211 est,
1843 4146 1911 4197 ut
1947 4133 2341 4216 municipalia
2381 4135 2516 4202 fere
2554 4136 2620 4201 in
2655 4137 2861 4220 eapite

368 4272 570 4332 opera
614 4248 871 4332 publiea
911 4246 1274 4314 continente
1317 4231 1661 4332 legantur,
1722 4245 2083 4329 principum
2145 4269 2301 4311 vero
2364 4270 2444 4314 eo
2503 4249 2569 4312 in
2626 4271 2864 4334 genere

368 4363 593 4426 merita
637 4375 699 4425 et
741 4363 958 4425 laudes
1001 4361 1063 4423 in
1105 4359 1426 4425 historicis
1470 4358 1682 4442 potius
1725 4359 1938 4422 locum
1967 4357 2324 4423 invenerint
2350 4382 2559 4425 suum.
2629 4363 2860 4448 Neque

367 4497 532 4540 vero
596 4474 1073 4558 provinciarum
1140 4465 1660 4535 administrationi
1724 4473 2141 4554 exponendae
2205 4472 2455 4559 largior
2527 4487 2862 4556 supererat

368 4589 627 4665 messis,
678 4610 713 4650 a
756 4586 1050 4650 civilibus
1097 4585 1427 4649 maximam
1472 4595 1716 4667 partem
1763 4596 1827 4647 et
1863 4585 2118 4648 urbanis
2160 4584 2635 4669 magistratibus
2671 4607 2864 4651 oecu-

367 4713 560 4784 pata:
628 4712 690 4762 at
749 4721 828 4764 eo
888 4698 1085 4774 maius
1145 4697 1418 4761 studium
1476 4697 1539 4760 in
1597 4717 1678 4760 eo
1736 4697 2230 4771 collocavimus,
2297 4707 2369 4760 ut
2429 4718 2677 4761 omnem
2729 4720 2865 4761 rem

366 4813 703 4876 militarem
752 4810 1107 4874 accuratius
1153 4809 1647 4883 enuclearemus,
1695 4819 2056 4890 temporum
2103 4808 2350 4872 ratione
2394 4820 2692 4893 qnantum
2723 4787 2865 4874 fieri

363 4937 668 5008 poterat,
716 4926 819 4989 hic
861 4943 1159 5008 quoque,
1209 4932 1280 4983 ut
1324 4920 1386 4983 in
1429 4920 1728 5005 reliquis,
1786 4941 2036 5002 semper
2077 4921 2315 4984 habita.
