3502 5487
1087 623 1091 627 .
1159 550 1703 612 EPIGRAPHICA
1739 551 1819 607 11.
2628 553 2740 610 529

245 703 351 741 van
396 685 545 740 detto
597 704 694 759 per
743 699 969 739 mettere
1021 689 1079 737 in
1125 682 1360 738 ridicolo
1401 684 1457 737 lo
1490 683 1675 738 studio
1713 681 1846 737 deu·
1887 680 2181 739 antichita.
2279 681 2474 736 Anche
2514 679 2555 733 il
2585 679 2738 734 buon

246 782 478 836 Lcichio
518 781 588 835 ba
633 784 861 844 seriae,
912 778 1015 830 cho
1055 778 1196 833 Gori
1234 778 1264 831 ὁ
1293 778 1759 847 Antiquariorum
1796 778 2094 847 Princeps,
2154 775 2195 827 il
2233 775 2336 828 che
2374 775 2444 827 ha
2483 772 2624 827 fatto
2661 778 2738 828 ri-

246 875 343 930 dcr
392 878 548 929 tutti.
627 874 694 928 So
734 873 761 922 ὁ
803 874 1094 943 Principe,
1129 870 1222 923 chi
1257 871 1326 923 ba
1358 869 1489 922 dato
1520 869 1664 923 fuori
1707 874 1888 923 inezie
1922 867 2217 934 modeme,
2268 885 2296 922 e
2329 865 2440 920 mal
2472 866 2736 934 lavornte,

246 966 578 1034 asserendo,
632 967 734 1018 che
784 982 886 1018 son
928 967 1025 1037 piu
1075 963 1298 1016 antiche
1342 962 1397 1016 di
1437 966 1638 1029 Roma,
1688 981 1718 1015 e
1757 960 1815 1016 di
1847 963 2048 1028 Troia,
2102 976 2308 1034 quanto
2347 958 2582 1014 ridiculo
2621 977 2737 1014 non

245 1060 463 1112 diventa
500 1060 556 1111 10
592 1059 777 1129 studio
816 1057 942 1110 dell*
969 1056 1273 1110 antichita‘?
1349 1057 1438 1110 Ha
1469 1056 1574 1128 egli
1613 1055 1758 1110 fatto
1789 1061 1904 1110 mai
1948 1055 2089 1110 altro
2126 1055 2229 1108 che
2264 1058 2523 1127 copiare,
2561 1070 2592 1106 e
2633 1054 2736 1107 che

245 1152 344 1205 dar
382 1151 525 1206 fuori
559 1156 649 1205 cio
690 1152 778 1205 ch'
825 1151 952 1204 alui
987 1151 1057 1203 ha
1100 1148 1288 1218 detto,
1344 1168 1374 1202 e
1415 1151 1654 1204 scritto?
1718 1168 1748 1203 e
1788 1150 1882 1203 chi
1921 1148 2128 1203 volesse
2167 1146 2451 1223 prendersi
2493 1163 2622 1200 cura
2678 1146 2734 1200 di

244 1245 329 1299 far
382 1246 631 1318 catalogo
689 1244 775 1298 de’
822 1249 943 1297 suoi
994 1247 1167 1296 errori
1219 1259 1338 1297 ecc.
1388 1241 1541 1317 (sic).
1639 1244 1814 1297 Tutto
1850 1258 2044 1315 questo
2098 1258 2129 1293 a
2179 1241 2251 1295 lei
2291 1244 2351 1295 in
2386 1238 2738 1307 confidentia,

249 1338 662 1393 assicurandola
703 1357 801 1410 per
831 1336 993 1403 altro,
1028 1337 1119 1389 ch’
1155 1340 1213 1389 io
1245 1353 1347 1389 son
1384 1351 1586 1408 promo
1626 1352 1656 1388 a
1694 1334 1859 1409 fargli
1898 1340 2028 1408 ogni
2067 1334 2230 1400 bene,
2267 1352 2325 1387 se
2363 1338 2622 1389 occasion
2648 1350 2736 1386 me

253 1448 323 1485 ne
363 1436 539 1485 viene.
616 1431 736 1505 Elia
786 1435 884 1490 mi,
917 1435 1170 1484 conservi
1219 1429 1272 1481 la
1317 1445 1413 1483 sua
1458 1434 1677 1501 grazia,
1730 1446 1761 1481 e
1801 1433 1878 1483 mi
1918 1426 2077 1483 creda
2113 1445 2362 1503 sempre,
2407 1444 2447 1501 ‚e
2490 1424 2545 1484 di
2588 1441 2736 1481 tutto

252 1542 415 1579 cuore

1792 1632 1894 1669 suo
1955 1591 2252 1668 divotissos
2298 1611 2449 1666 obbl.
2509 1612 2659 1666 Serv.

1873 1705 2128 1778 Sere}
2204 1704 2592 1763 ΜΛι-Ρει.

371 1822 548 1891 ἶΡ.ἒο.
642 1824 727 1876 Mt
765 1838 854 1875 era
903 1820 1262 1875 dimenticato
1303 1824 1392 1873 cib
1424 1821 1525 1874 che
1564 1822 1660 1893 piu
1699 1823 1778 1873 mi
1823 1836 2034 1892 preme.
2139 1820 2215 1871 La
2252 1834 2422 1891 prego
2454 1833 2736 1870 osservare

254 1918 304 1969 le
352 1923 462 1969 mie
512 1914 647 1987 sigle
686 1915 932 1981 Greche,
996 1935 1026 1966 e
1060 1916 1109 1968 le
1154 1920 1538 1986 Antiquitates
1573 1914 1824 1976 Galliae,
1865 1931 1895 1964 e
1929 1910 1996 1963 da
2032 1912 2182 1965 buon
2231 1915 2413 1964 amico
2446 1915 2735 1965 avvisarmi

257 2010 399 2081 degli
433 2015 638 2073 errori,
694 2012 797 2060 che
843 2012 892 2061 ti
943 2014 1234 2081 scoprisse.
1332 2011 1407 2061 In
1465 2021 1715 2079 queste
1776 2011 2080 2059 materie
2136 2022 2273 2057 non
2331 2005 2436 2057 c’e
2500 2005 2616 2056 chi
2677 2008 2737 2057 si

257 2119 465 2175 possa
533 2121 897 2176 presumer
953 2117 1197 2155 esente
1255 2100 1336 2153 da
1383 2103 1711 2166 errori¹).
1793 2098 1912 2154 Alie
1955 2098 2090 2171 sigle
2127 2116 2197 2150 ne
2237 2098 2311 2152 ho
2347 2097 2436 2169 gie
2481 2096 2736 2168 alquante

256 2197 324 2246 da
357 2212 510 2268 pat-te
544 2214 640 2269 per
673 2196 1036 2268 aggiungcrle.
1651 2198 1656 2205 “
2700 2190 2707 2199 ’

1055 2306 1423 2383 Risposta
1493 2306 1543 2361 a’
1603 2303 1927 2375 Quesiti.
2002 2298 2007 2303 ’

407 2400 491 2455 Ad
530 2400 708 2471 1utn.]
785 2401 908 2453 Am
966 2405 1025 2453 in
1082 2404 1443 2473 inscriptione
1486 2399 1578 2451 illa
1616 2402 1915 2451 Veronensi
1952 2399 2115 2452 Grut.
2156 2400 2298 2463 890,
2337 2399 2428 2455 1¹1.
2470 2395 2615 2448 nihil
2654 2393 2743 2447 di·-

259 2510 435 2559 ceret,
478 2509 570 2546 aut
611 2493 826 2564 quidvis
868 2492 1013 2545 aliud
1053 2492 1292 2560 diceret,
1331 2510 1493 2563 quam
1525 2511 1563 2543 a
1600 2492 1945 2551 νατὶοιιίὐιως
1988 2495 2059 2546 RI
2099 2495 2248 2543 enim
2287 2507 2387 2563 pro
2426 2488 2742 2541 rationibus

257 2606 433 2657 neque
482 2590 824 2650 Romanum,
904 2605 1079 2657 neque
1138 2591 1424 2658 antiquum
1483 2585 1873 2658 compendium
1923 2600 2026 2638 est.
2105 2583 2370 2657 Lapidem
2415 2587 2473 2635 in
2510 2583 2744 2649 Museo,

259 2678 406 2751 quod
439 2679 717 2752 public-um
757 2678 936 2747 volui,
977 2684 1201 2752 trigima
1241 2681 1444 2733 abhinc
1483 2684 1640 2731 annis
1680 2676 1957 2746 dedicavi,
1995 2694 2051 2732 et
2080 2682 2333 2732 omnium
2368 2675 2545 2730 oculis
2570 2689 2743 2753 patet.

259 2772 515 2826 Praefero
555 2773 720 2826 ΑΒΚ.
758 2789 811 2828 et
853 2778 929 2826 ita
965 2792 1091 2825 eum
1131 2773 1276 2828 edidi
1320 2780 1378 2827 in
1418 2774 1651 2827 Verona
1687 2773 1986 2825 Illas-trata
2016 2792 2073 2845 p.
2116 2777 2247 2832 555.

412 2865 496 2928 Ad
537 2867 714 2936 2u111.]
792 2865 1057 2919 Gratulor
1107 2870 1247 2935 mihi
1312 2866 1377 2919 de
1435 2885 1706 2920 consensu
1757 2882 1855 2919 tuo
1906 2871 1966 2919 in
2007 2870 2254 2919 versione
2286 2867 2547 2919 carminis
2577 2863 2740 2919 Grut-

261 2961 406 3025 612,
447 2963 531 3018 15.
627 2960 745 3031 Ego
787 2958 1023 3038 βιώσας
1056 2964 1286 3034 scripsi,
1349 2976 1409 3014 ut
1452 2958 1805 3040 responderet
1840 2956 2186 3035 praecedenti
2224 2956 2492 3032 πλήσας,
2546 2956 2642 3009 sed
2683 2959 2743 3008 in

264 3053 410 3105 idem
449 3051 661 3106 recidit.
863 3045 872 3055 ’
2718 3057 2723 3066 “

411 3145 494 3199 Ad
534 3147 717 3218 5uni.]
795 3147 1111 3200 Gruteriani
1150 3146 1376 3199 distichi
1415 3150 1555 3214 399,
1596 3151 1648 3205 3.
1689 3150 2111 3218 rescriptionem
2150 3160 2215 3196 ac
2253 3148 2556 3197 versionem
2591 3157 2741 3198 tuam

259 3237 443 3292 laudm
521 3241 603 3293 De
642 3256 762 3295 mea
798 3238 929 3311 quid
961 3237 1275 3311 proferam?
1349 3241 1511 3294 Nosti
1552 3238 1774 3292 Codicis
1808 3239 2013 3308 legem,
2053 3239 2141 3290 Ne
2179 3241 2301 3308 quis
2342 3241 2402 3288 in
2438 3254 2541 3297 sua
2572 3253 2744 3288 causa

262 3331 488 3384 indicet.
567 3329 858 3397 Βασιλεὺς
898 3338 955 3384 in
993 3332 1266 3412 βασιλεῖς
1308 3351 1420 3385 non
1456 3338 1691 3398 mutavi,
1742 3336 1872 3403 quia
1912 3330 1977 3382 de
2016 3332 2267 3383 Honorio
2306 3329 2557 3401 intelligo
2599 3331 2741 3401 lmp.

264 3425 644 3490 occidentali,
732 3432 823 3498 qui
878 3445 944 3478 eo
985 3443 1131 3478 anno
1189 3432 1310 3499 ipso
1362 3427 1508 3498 leges
1568 3425 1930 3500 promulgavit
1981 3425 2269 3477 Romanas.
2361 3421 2628 3476 Arcadius
2687 3426 2748 3475 in

266 3519 502 3570 Oriente
542 3517 801 3587 degebat,
838 3537 938 3571 ncc
979 3518 1046 3574 de
1072 3518 1394 3572 honorando
1425 3521 1690 3572 Aemiliae
1725 3515 1980 3571 Praeside
2016 3515 2319 3588 cogitabat.
2387 3524 2759 3572 ΑΙΜΙΛΙΙΙΣ

274 3627 326 3662 ct
366 3609 525 3661 verba
561 3611 766 3679 reliqua
806 3627 835 3661 a
875 3629 961 3663 me
993 3617 1320 3666 concinnata
1353 3615 1699 3666 Gruterianis
1746 3616 1922 3683 magis
1965 3609 2215 3662 videntur
2255 3609 2560 3661 inhaerere.

412 3702 495 3756 Ad
536 3705 714 3774 lium]
792 3704 1021 3775 Optime
1050 3706 1357 3758 minoribus
1384 3705 1559 3758 literis
1591 3709 1863 3778 scripsisti
1892 3721 2076 3756 versus
2102 3703 2512 3756 Muratorianos
2536 3702 2664 3765 809,
2692 3706 2745 3756 1.

266 3797 376 3848 Pro
408 3796 654 3848 versibus
694 3813 806 3849 non
860 3802 1073 3867 agnitos
1114 3813 1354 3850 asserere
1393 3816 1503 3849 non
1557 3813 1881 3870 possumus,
1959 3813 2124 3867 quum
2159 3800 2334 3866 quivis
2384 3809 2412 3845 a
2452 3797 2630 3866 capite
2666 3810 2750 3844 re-

264 3904 544 3955 sumatur,
621 3887 765 3959 quod
811 3890 1009 3943 Graeci
1059 3889 1266 3962 lapides
1320 3904 1595 3963 praestare
1646 3910 1758 3942 non
1812 3889 2023 3952 solent,
2102 3904 2157 3942 et
2195 3905 2363 3959 quum
2402 3887 2746 3939 Muratoriur

267 3980 473 4034 ibidem
518 4000 718 4032 versus
761 3997 840 4034 ter
879 3982 1136 4055 appellet.
1212 3985 1330 4037 Nec
1367 4001 1461 4035 eos
1506 3983 1748 4037 dicerem
1789 3981 2003 4033 mendis
2039 3979 2251 4032 obsitos
2280 3979 2553 4051 pluribus.
2631 3979 2760 4070 vti-4

263 4091 392 4126 nam
440 4080 636 4127 maiori
674 4070 868 4146 longe,
945 4092 999 4129 ct
1043 4080 1266 4127 maioris
1315 4082 1579 4130 momenti
1618 4074 1942 4128 mendorum
1982 4092 2212 4127 numero
2253 4074 2359 4125 alia
2401 4074 2553 4148 plura
2591 4078 2649 4127 in
2684 4087 2748 4126 ea

269 4168 601 4221 collectione
649 4169 860 4222 Graeva
895 4163 1246 4222 hionumenta
1279 4189 1388 4222 non
1426 4167 1834 4241 comparerent!
1913 4170 2085 4220 Versu
2125 4166 2363 4220 secundo
2399 4164 2753 4243 ὁξηρὲτμοις

267 4279 395 4313 num
436 4279 536 4333 pro
580 4263 787 4314 Graeca
837 4261 1078 4315 dictione
1122 4263 1309 4315 haberi
1353 4268 1564 4334 possit,
1645 4261 1890 4331 ambigo.
1985 4261 2223 4324 Omnia,
2284 4278 2450 4333 puto,
2505 4277 2569 4311 ex
2614 4255 2753 4327 ὀξὺς

264 4359 572 4426 composita
604 4341 926 4410 ‘ft-servant.
1007 4354 1245 4426 Ambigo
1286 4373 1529 4427 quoque,
1570 4371 1637 4407 an
1680 4365 1880 4406 mutos
1911 4353 1988 4406 vel
2025 4372 2185 4403 acres
2228 4369 2354 4426 apte
2396 4367 2589 4405 vocare
2625 4366 2755 4423 pos·
2810 4359 2819 4364 '

265 4453 435 4499 simus
476 4465 686 4509 remos;
745 4453 868 4497 acri
909 4452 1119 4516 remige
1165 4451 1303 4501 dixit
1339 4449 1631 4518 Virgilius,
1700 4446 1796 4498 scd
1848 4464 1961 4501 non
1998 4452 2118 4497 acra>
2156 4463 2327 4498 remo.
2430 4448 2625 4519 Aptius
2670 4449 2752 4499 sie
2824 4443 2825 4446 '

265 4556 449 4613 posset
497 4538 801 4592 emendari:

411 4708 456 4760 1)
496 4707 888 4750 Honestissiiuam
926 4706 1044 4750 lianc
1083 4705 1433 4750 confessionem
1471 4706 1574 4748 vix-i
1614 4707 1658 4748 iu
1699 4706 1791 4748 isto
1830 4705 2093 4747 studiorum
2131 4716 2306 4760 genere
2346 4706 2548 4757 summi,
2600 4717 2756 4749 meam

268 4791 453 4834 quoque
492 4777 646 4830 facim
704 4782 749 4819 et
786 4777 889 4832 quis
927 4777 1171 4819 cordation-
1220 4790 1350 4818 suam
1391 4790 1482 4818 nou
1523 4777 1615 4817 iam
1655 4777 1829 4817 dudum
1865 4772 2014 4816 fecit?
2086 4775 2269 4818 sunnia
2307 4787 2446 4827 sut-pe
2486 4775 2532 4817 in
2570 4774 2757 4832 Hagen-

268 4846 424 4889 bucini
451 4851 498 4890 el
523 4846 810 4901 Schoepflmi
834 4846 1116 4899 praesertim
1141 4846 1357 4897 epistolis
1378 4846 1659 4888 invenimus.
1737 4845 1810 4886 'sn
1838 4844 2001 4886 confer
2026 4843 2155 4887 Celsi
2177 4842 2462 4887 Medicinae
2483 4842 2596 4887 Lib.
2622 4844 2755 4886 vm.

268 4917 326 4960 C.
370 4913 418 4958 ¹¹4.
459 4930 506 4970 p.
550 4913 666 4959 439.
707 4915 769 4958 ed
806 4913 1031 4974 Targae.
1076 4912 1316 4958 Veronae.
1361 4910 1511 4957 1810.
1587 4912 1852 4956 oasim-s.

354 5022 527 5063 collect.
557 5024 762 5078 Inscripti.
787 5024 918 5064 Latin.
949 5023 1043 5063 Vol.
1061 5023 1098 5063 Ι.
2170 4991 2254 5053 3¹2
