3502 5487
2793 474 2878 541 59

373 623 599 681 antiquas
641 622 899 680 pleraeque
936 621 1012 666 vel
1058 624 1304 677 suspectae
1342 624 1481 675 sunt,
1540 620 1616 664 vel
1661 619 2025 676 corruptissime
2070 621 2356 676 exscriptae.
2409 619 2513 667 ctr.
2555 619 2877 687 NIQMEITZ.

372 724 427 768 p.
461 708 547 757 74.
589 708 669 756 75.
710 712 761 755 Si
792 724 912 768 quae
944 710 1095 755 adhuc
1132 715 1205 755 est
1239 709 1390 757 libelli
1427 708 1633 763 utilitas,
1674 708 1883 764 pertinet
1917 723 1974 755 ea
2007 710 2069 756 ad
2105 708 2355 756 historiam
2392 710 2558 755 ltaliae
2593 710 2880 757 recentioris

375 806 429 845 et
463 801 655 845 civilem
691 804 739 845 et
775 800 1058 845 literariam.
1138 834 1146 847 .
1584 846 1589 849 ,

520 888 737 933 Malus
767 886 1031 942 (Nicotaus
1056 885 1137 942 de)
1162 881 1242 930 ‘Ex
1269 886 1371 931 eius
1403 883 1599 931 Hister.
1621 881 1767 932 civit.
1796 878 2100 945 Campaniae
2126 886 2341 942 spurium
2367 888 2445 932 dat
2472 888 2603 932 Mur.
2636 884 2797 944 1810,
2827 885 2878 934 3.

512 972 731 1022 NOVAE
768 976 1160 1033 inscriptiones,
1218 975 1457 1033 antiquas
1493 970 1771 1033 reserentes
1794 1006 1809 1030 ,
1870 975 1972 1020 sios
2020 976 2294 1020 imitantes.
2349 976 2438 1021 cfr.
2489 977 2623 1021 Mur.
2681 974 2774 1031 97,
2826 974 2877 1022 4.

378 1047 523 1111 dm.
568 1062 662 1120 93,
704 1061 752 1108 3.
806 1061 936 1119 239,
980 1061 1028 1108 3.
1084 1060 1210 1118 613,
1255 1061 1301 1109 9.
1359 1059 1487 1121 719,
1533 1060 1579 1107 ⁶.
1622 1060 1753 1108 821.
1797 1061 1846 1107 4.
1905 1063 2031 1108 cad.
2075 1059 2168 1119 5⁶,
2210 1060 2237 1108 3
2279 1070 2327 1109 et
2362 1061 2490 1120 334,
2533 1063 2583 1110 2.
2657 1065 2881 1120 „Patavii
2961 1096 2968 1114 .

377 1167 439 1198 ex
470 1155 659 1208 pictura
686 1154 803 1197 satis
840 1154 1034 1210 antiqua
1070 1154 1120 1197 in
1156 1151 1421 1208 parietibus
1458 1151 1743 1197 Monasterii
1781 1153 1833 1197 S.
1875 1152 2112 1206 Iustinae,
2154 1152 2234 1198 ubi
2269 1154 2404 1197 multi
2433 1168 2462 1197 a
2496 1154 2681 1209 pictore
2711 1154 2883 1209 inserti

375 1243 599 1286 visuntur
633 1242 806 1287 vetusti
838 1242 962 1285 tituli
999 1243 1056 1285 ad
1092 1239 1236 1286 fidem
1271 1240 1530 1296 lapidum.”
1566 1261 1634 1271 -
1669 1240 1801 1284 Duas
1835 1240 2171 1295 inscriptiones
2209 1240 2420 1293 Graecas
2457 1256 2485 1285 a
2507 1224 2698 1287 Patina⁸
2712 1243 2881 1297 editas,

374 1330 616 1387 hodieque
641 1332 865 1375 Veronae
891 1330 1199 1384 spectandas,
1241 1343 1334 1373 non
1364 1330 1587 1386 antiquo,
1627 1330 1710 1375 sed
1740 1329 2010 1373 recentiore
2047 1330 2236 1385 scalpro
2268 1331 2498 1373 marmori
2539 1344 2651 1375 vere
2687 1331 2883 1388 antiquo
2949 1368 2952 1375 ,

373 1418 557 1464 incisas
594 1400 703 1463 esse
742 1418 1052 1473 deprehendit
1102 1417 1426 1462 MAFFEIVS
1463 1415 1600 1462 Mus.
1645 1414 1761 1463 Ver.
1804 1413 1867 1462 55
1886 1449 1899 1472 ,
1941 1414 1972 1461 4
2010 1422 2057 1462 et
2095 1416 2143 1463 5.
2185 1419 2353 1476 dignus
2388 1419 2591 1462 omnino
2614 1450 2627 1472 ,
2678 1421 2758 1477 qui
2795 1419 2882 1463 hac

376 1507 440 1551 de
483 1521 540 1552 re
578 1508 798 1565 legatur3
836 1512 890 1550 nt
924 1511 974 1551 et
1006 1519 1115 1564 pag.
1157 1502 1275 1551 356.
1297 1537 1311 1560 ,
1352 1496 1431 1549 ubi
1475 1506 1695 1562 antiquos
1740 1506 1906 1550 titulos
1944 1510 1991 1550 et
2033 1506 2246 1551 carmina
2281 1510 2444 1551 mouet
2478 1506 2694 1552 Venetiis
2730 1507 2882 1552 videri

374 1596 574 1651 scalpro
610 1596 792 1640 receuti
828 1599 879 1641 in
922 1595 1094 1639 tabulis
1138 1608 1232 1639 non
1280 1594 1486 1652 antiquis
1530 1595 1712 1649 incisa,
1766 1608 1971 1653 quorum
2015 1597 2244 1653 quaedam
2273 1594 2564 1641 ‘SPOvas
2619 1601 2671 1640 ut
2715 1596 2883 1641 arche·

377 1689 495 1739 txpa
541 1683 763 1729 ediderit.
814 1683 906 1729 cfr.
959 1682 1100 1729 Grut.
1143 1679 1271 1738 537,
1313 1680 1363 1728 3.
1428 1682 1549 1729 Gor.
1588 1680 1700 1728 Etr.
1742 1684 1804 1727 T.
1849 1682 1897 1728 1.
1934 1697 1982 1740 p.
2024 1681 2156 1739 344,
2196 1681 2282 1730 20.
2322 1684 2496 1729 collata
2530 1698 2578 1741 p.
2623 1680 2752 1739 145,
2794 1679 2881 1729 20.

377 1772 604 1816 Pabrett.
644 1785 691 1827 p.
736 1768 853 1816 683.
896 1771 1021 1817 Gud.
1067 1768 1193 1826 161,
1237 1768 1285 1817 6.

522 1860 857 1904 NVMORVM
890 1860 1249 1918 inscriptiones
1280 1873 1369 1915 pro
1397 1860 1609 1915 lapidum
1637 1860 1910 1920 epigraphis
1939 1861 2094 1906 datae.
2135 1860 2226 1906 cfr.
2267 1861 2409 1906 Grut.
2453 1857 2616 1915 1082,
2660 1857 2708 1905 1.
2747 1860 2882 1905 Mur.

381 1945 555 2003 1990,
598 1945 645 1993 6.
687 1946 849 2003 1992,
892 1946 924 1992 4
961 1954 1010 1993 et
1045 1944 1093 1993 5.
1122 1948 1409 2011 *HAGENE

529 2035 701 2082 OCCO
728 2032 1022 2094 (Adelphus)
1049 2035 1124 2079 Ex
1151 2034 1431 2082 OCCONlS
1455 2035 1622 2081 Inscr.
1651 2036 1873 2095 antiquis
1899 2036 1952 2081 in
1975 2033 2230 2094 Hispania
2254 2036 2489 2093 repertis.
2517 2033 2886 2096 Heidelbergas

382 2122 542 2170 1596.
581 2125 668 2169 sol.
709 2126 981 2183 quingentis
1017 2125 1149 2179 fere,
1188 2124 1322 2169 fictas
1359 2125 1700 2184 quinquaginta
1735 2124 1972 2170 Gruterus
2006 2125 2103 2169 iam
2135 2125 2185 2175 in
2223 2126 2400 2180 spuriis
2432 2125 2590 2183 dedit;
2629 2126 2713 2170 sed
2744 2127 2885 2183 longe
2957 2156 2962 2169 ,

378 2214 541 2258 maior
566 2219 640 2259 est
675 2227 902 2258 numerus
940 2212 1220 2258 occoms
1256 2215 1559 2269 spuriarum,
1600 2214 1641 2257 si
1671 2213 2064 2268 adnumeremus,
2106 2227 2222 2271 quas
2258 2213 2494 2259 Gruterus
2525 2226 2663 2258 veras
2678 2213 2884 2277 habuit,

378 2302 433 2347 iu
466 2303 668 2359 ipsoque
709 2316 798 2346 suo
837 2303 998 2356 posuit
1034 2303 1314 2357 Thesauro,
1352 2316 1467 2348 vere
1509 2300 1745 2347 carbones
1783 2316 1872 2357 pro
1915 2302 2161 2347 thesauro.
2200 2321 2270 2334 —
2304 2300 2583 2347 HAGEND.

525 2390 927 2435 ovnssnnonp
966 2375 1192 2445 (Frane.)
1228 2404 1274 2435 v.
1313 2390 1808 2436 PAPssNnnosscx.

524 2478 870 2523 PACEDIANI
911 2476 1149 2534 (Nic-olai)
1188 2479 1418 2523 Schedae.
1455 2492 1504 2525 v.
1542 2480 1725 2523 Murat.
1767 2480 1910 2534 Spur.
1943 2473 2105 2533 1810,
2149 2474 2196 2524 7.
2241 2475 2405 2532 1811,
2447 2475 2497 2523 2.
2543 2474 2705 2534 1812,
2740 2475 2802 2532 2,
2834 2474 2884 2524 3.

519 2565 872 2611 PANvmtvs
910 2564 1247 2623 (Onuphrius)
1285 2567 1529 2612 Interdum
1582 2567 1842 2622 particulas
1880 2568 2204 2611 tantummodo
2247 2566 2619 2622 Inscriptionum
2662 2579 2802 2611 suum
2837 2566 2887 2610 in

381 2667 525 2699 usum
574 2657 802 2710 protulit,
860 2656 1058 2712 reliquis
1109 2656 1333 2700 omissis:
1392 2668 1439 2699 v.
1480 2656 1609 2702 Mur.
1651 2656 1709 2699 ad
1754 2651 1917 2710 1104,
1958 2651 2008 2700 3.
2050 2656 2225 2700 collato
2261 2654 2402 2699 Grut.
2445 2651 2538 2710 36,
2580 2651 2631 2699 2.
2727 2653 2887 2698 Locos

382 2759 612 2789 saxorum
676 2745 871 2789 minime
928 2745 1151 2789 laudabili
1205 2745 1423 2799 exemplo
1477 2757 1821 2800 saepenumero
1881 2749 2023 2789 tacet.
2132 2742 2296 2789 Dubia
2344 2719 2539 2788 omnino
2592 2743 2716 2790 haud
2772 2756 2887 2788 raro

381 2835 489 2879 eius
545 2839 619 2877 est
664 2832 835 2886 fidess
868 2831 1029 2888 (Grut.
1077 2831 1206 2888 244,
1250 2832 1323 2889 6.)
1359 2834 1492 2877 cuius
1536 2838 1693 2877 tamen
1730 2833 1954 2878 Maffeius
2001 2834 2320 2888 patrocinium
2348 2833 2562 2888 suscepit
2606 2832 2653 2876 in
2689 2829 2890 2876 Verona
2951 2831 3002 2887 ”,

378 2922 574 2966 illustr.
605 2923 666 2966 T.
698 2919 748 2965 2.
779 2936 826 2978 p.
857 2918 977 2966 367.
1016 2923 1142 2966 idem
1172 2936 1287 2966 vero
1323 2922 1372 2966 in
1404 2925 1462 2967 A.
1498 2920 1555 2966 C.
1588 2922 1647 2965 L.
1687 2935 1734 2977 p.
1769 2917 1883 2967 193.
1913 2923 2124 2980 exagitat
2145 2922 2506 2977 inscriptionem
2537 2922 2887 2976 Veronensem,

382 3024 413 3053 a
459 3009 772 3055 PANVINIO
822 3010 1031 3066 primum
1078 3011 1252 3055 datam.
1361 3010 1483 3054 Item
1535 3010 1753 3055 Fabrett.
1793 3005 1897 3055 Col.
1938 2999 2031 3055 T).
2070 3023 2119 3066 p.
2163 3006 2282 3055 237.
2306 3041 2321 3065 ,
2379 3011 2436 3054 de
2479 3009 2620 3054 Grut.
2664 3005 2791 3064 190,
2835 3007 2884 3055 1.

382 3112 413 3141 a
458 3097 774 3143 PANVlNlO
823 3098 1112 3154 interpolato
1159 3110 1338 3158 agens:
1407 3098 1547 3153 „Nec
1598 3099 1811 3155 primus,
1873 3099 2053 3156 inquit,
2118 3112 2239 3158 ego,
2296 3100 2518 3152 solusve,
2575 3097 2655 3156 qui
2703 3098 2759 3142 de
2794 3095 2887 3142 fide

379 3186 675 3236 PANlen
716 3186 955 3250 dubitem,
996 3201 1139 3245 quum
1178 3193 1319 3232 antea
1346 3189 1581 3232 maximus
1618 3184 1872 3232 Gruterus
1906 3187 2088 3231 homini
2120 3188 2316 3232 foenum
2343 3188 2391 3230 in
2423 3197 2573 3231 cornu
2609 3187 2891 3241 apposuerit

385 3276 447 3318 ad
487 3273 620 3329 246,
666 3272 713 3319 6.
755 3280 802 3319 et
830 3276 887 3320 de
925 3275 1046 3319 falsa
1088 3276 1216 3320 numi
1255 3276 1595 3331 inscriptione,
1648 3277 1866 3320 modeste
1908 3289 1968 3320 ex
2001 3275 2201 3320 fraterni
2239 3276 2449 3320 sodalitii
2485 3275 2591 3334 lege
2625 3279 2796 3334 arguat
2825 3273 2886 3321 P.

382 3361 555 3423 Nor-is,
577 3365 636 3407 de
670 3361 922 3412 Numism.
959 3362 1130 3412 Diocl.
1169 3369 1216 3408 et
1248 3362 1469 3409 Maxim.
1508 3362 1652 3409 Diss.
1697 3362 1744 3409 1.
1787 3363 1845 3407 C.
1888 3361 1936 3407 2.
1976 3378 2025 3420 p.
2071 3362 2187 3410 15.”
2236 3353 2318 3420 (Τ.
2364 3360 2411 3409 1.
2443 3359 2596 3408 Thes.
2624 3362 2885 3422 sallengr.

386 3465 439 3507 p.
481 3448 622 3504 402.)
655 3449 916 3496 Fabrettus
954 3452 1070 3496 haec
1100 3452 1322 3507 scripsit,
1363 3457 1617 3510 antequam
1649 3450 1913 3497 Norisium
1947 3452 2133 3511 legerat
2165 3450 2334 3510 Epist.
2361 3465 2501 3510 cons.
2540 3457 2709 3497 contra
2737 3449 2889 3495 PAN-

386 3518 627 3584 VINIVM
673 3541 1002 3599 insurgentem
1051 3540 1270 3596 inprimis
1319 3541 1374 3585 de
1426 3540 1568 3585 Grut.
1625 3537 1753 3596 190,
1812 3537 1858 3584 1.
1911 3539 2088 3585 Graev.
2144 3541 2293 3586 Thes.
2335 3541 2396 3585 Τ.
2437 3540 2533 3585 xl.
2571 3554 2621 3597 p.
2662 3535 2781 3583 434.
2821 3562 2887 3573 -

386 3627 663 3673 HAGENB.
748 3629 1037 3673 PANwNn
1088 3629 1281 3684 fraudes
1328 3629 1608 3675 manifestas
1642 3628 1947 3684 potissimum
1986 3628 2277 3684 deprehendi
2315 3630 2363 3673 in
2401 3629 2622 3674 tribubus
2659 3627 2888 3672 Romanis

386 3718 715 3761 recensendis.
791 3715 1037 3782 Orellius.

525 3804 1005 3864 PAPENBROECK
1039 3801 1343 3861 (Germ-dus)
1378 3805 1470 3859 „In
1505 3805 1618 3849 villa
1648 3805 1829 3849 domini
1871 3803 2351 3849 PAPENBROECK
2384 3806 2447 3849 V.
2481 3787 2566 3848 'CL
2606 3803 2667 3848 ab
2701 3806 2891 3850 Amste·

386 3893 604 3937 laedamo
643 3894 790 3938 leucis
822 3893 1031 3948 duabus,
1093 3892 1186 3937 Lx
1224 3893 1421 3938 circiter
1457 3893 1654 3938 Latinae
1703 3898 1754 3938 et
1793 3893 2008 3938 Graecae
2050 3893 2387 3950 inscriptiones
2426 3897 2716 3947 spectantur.
2812 3892 2891 3938 Ex

385 3982 448 4026 iis
484 3982 687 4026 ineditas
729 3981 853 4025 alias
888 3982 1053 4037 plures
1088 3983 1263 4027 afferre
1309 3994 1531 4037 possem,
1570 3982 1655 4027 sed
1689 3982 1951 4027 recentiori
1987 3982 2178 4038 scalpro
2225 3981 2406 4025 effictas
2437 3986 2681 4026 veterator
2717 3982 2891 4040 aliquis

382 4070 522 4114 lucro
552 4070 740 4114 inhians
775 4072 888 4114 illuc
918 4084 1011 4115 non
1047 4083 1221 4126 paucas
1259 4071 1551 4124 transmisit,
1592 4075 1640 4115 et
1674 4071 1940 4130 anaglypha
1978 4084 2164 4127 quoque
2201 4069 2478 4114 ementita.'’
2545 4070 2710 4116 Maffei
2745 4068 2888 4117 Mus'.

387 4156 505 4202 Ver.
546 4172 593 4214 p.
638 4155 757 4204 449.
832 4159 902 4203 De
942 4159 1028 4204 hac
1061 4161 1250 4216 quidem
1283 4159 1450 4203 fraude
1490 4158 1607 4204 nihil
1644 4158 1858 4203 subolnit
1892 4155 2076 4203 Fratre.
2119 4157 2585 4204 OVDENDORPIO
2624 4160 2671 4203 in
2697 4158 2895 4220 --Legati

380 4222 846 4303 Pupenbroecltiani
878 4245 1215 4307 descriptione
1250 4246 1309 4292 L.
1342 4247 1401 4293 B.
1452 4245 1603 4293 1746.
1644 4244 1694 4292 4.
1722 4278 1736 4302 ,
1778 4253 1826 4293 et
1865 4261 2068 4301 revera,
2108 4247 2150 4291 si
2188 4246 2316 4291 forte
2353 4247 2591 4293 Graecam
2631 4248 2696 4293 ibi
2734 4249 2892 4293 datam

383 4348 431 4390 p.
477 4332 560 4380 15.
602 4335 664 4379 N.
710 4333 791 4382 15.
833 4336 1074 4391 excipias,
1115 4337 1172 4381 de
1204 4336 1376 4382 ceteris
1413 4337 1650 4392 inscriptt.
1688 4337 1772 4380 vix
1806 4335 2013 4380 dubitari
2046 4336 2254 4393 poterit;
2294 4336 2558 4395 anaglypha
2594 4337 2658 4380 nil
2697 4349 2886 4381 moror.

383 4423 539 4479 Quum
570 4428 731 4469 autem
767 4426 995 4482 pleraque
1031 4425 1115 4469 illa
1159 4430 1465 4470 monumenta
1494 4427 1699 4470 Batavae
1732 4425 1933 4481 originis
1969 4425 2093 4480 sint,
2133 4425 2377 4484 peregrini
2415 4425 2593 4482 aliquid
2625 4429 2674 4469 et
2706 4424 2890 4469 insoliti

380 4508 622 4572 Maff'eio,
663 4513 843 4557 Italicis
879 4514 1085 4558 maxime
1121 4518 1343 4568 assueto,
1385 4511 1563 4560 habere
1600 4512 1899 4559 videbantur.
2003 4563 2010 4570 .

517 4600 876 4645 PARADINVS
914 4598 1255 4657 (Guilielmus)
1291 4602 1362 4647 De
1398 4603 1528 4647 saxis
1567 4617 1595 4646 a
1628 4601 1962 4658 PARADINQ
1992 4603 2041 4647 in
2080 4599 2314 4648 Historia
2355 4599 2690 4662 Lugdunensi
2722 4615 2890 4648 mance

383 4692 431 4731 et
461 4693 689 4743 corrupte
731 4691 871 4734 editis
908 4704 954 4734 v.
992 4689 1163 4748 Spon:
1200 4689 1363 4750 Lyon.
1402 4687 1541 4750 Prefs.
1581 4705 1629 4747 p.
1671 4687 1731 4745 4,
1773 4695 1821 4733 et
1861 4685 1908 4733 6.
1947 4685 2128 4750 Maffei
2162 4692 2220 4733 Α.
2263 4687 2321 4732 C.
2362 4687 2420 4731 L.
2461 4700 2511 4743 p.
2556 4683 2676 4732 285.

515 4777 993 4824 PATERNJONVM
1039 4776 1307 4833 Mummi,
1360 4777 1567 4825 Catanae
1604 4780 1912 4842 institutum,
1945 4778 2095 4826 multa
2135 4775 2410 4824 continebat
2438 4775 2807 4833 commenticia;
2839 4789 2887 4820 v.

383 4861 723 4911 Torremuzza
756 4865 921 4911 Inscr.
961 4865 1106 4916 Sicil.
1146 4880 1195 4923 p.
1238 4863 1355 4912 301.
