3502 5487
719 454 831 529 556
1772 451 2178 511 EPISTOLA

718 600 804 641 est
845 580 1273 657 properandum.
1355 584 1672 656 Descriptio
1712 583 1935 656 quidem
1976 589 2160 659 operis
2203 600 2258 639 et
2297 588 2581 639 institutio
2632 566 2782 638 facta
2817 600 2934 638 est:
3003 586 3105 640 sed
3139 606 3224 643 res

715 693 937 731 constat
976 682 1213 730 maxime
1253 675 1728 730 observationibus
1782 683 2048 745 minutis,
2109 694 2248 751 qnae
2298 696 2412 749 non
2455 678 2620 731 simul
2658 696 2982 733 occurrunt.
3068 684 3223 736 Cete-

713 789 838 826 rum
877 787 990 823 non
1030 769 1309 823 dimittam
1350 789 1417 823 ex
1458 772 1634 824 oculis
1674 787 1727 824 et
1763 776 1950 824 auimo
1994 791 2106 825 rem
2148 776 2484 837 institutam,
2521 771 2699 825 donec
2739 772 2810 825 ad
2842 779 3222 829 maturitatem

712 865 959 935 aliquam
1016 863 1297 935 redegero.
1377 864 1689 921 WVetstenii
1751 883 1959 941 not-um
2005 866 2434 923 ‚Testamentum
2494 864 2658 918 audio
2716 885 2835 920 esse
2887 868 3223 933 absolutum,

715 974 774 1012 ct
820 974 980 1031 spero
1021 955 1076 1009 id
1122 954 1442 1030 propediem
1500 956 1569 1008 ad
1613 976 1701 1010 me
1745 958 2019 1030 perlatum
2068 964 2156 1012 iri.
2233 960 2375 1012 Novi
2422 958 2570 1011 aliud
2616 960 2755 1012 nihil
2803 942 3027 1029 habeo,
3082 963 3220 1033 quod

712 1052 839 1105 Tua
897 1054 1133 1103 intersit
1178 1055 1338 1103 scire.
1432 1051 1812 1104 prolationem
1861 1052 2048 1105 subito
2105 1057 2373 1125 scriptam
2429 1057 2589 1123 aequi
2647 1053 2891 1125 bonique
2946 1056 3219 1110 consules.

711 1143 883 1207 Vale,
950 1142 1117 1197 decus
1167 1143 1483 1213 literarum,
1544 1160 1601 1198 ct
1648 1145 1790 1198 mihi
1843 1145 2022 1200 favere
2069 1164 2254 1220 perge.
2336 1146 2455 1200 scr.
2505 1149 2726 1220 Lipsiae
2776 1145 2832 1201 d.
2883 1150 3046 1203 XVI.
3089 1151 3221 1205 Maxi

710 1237 1029 1295 MDCCLI.
1794 1247 1804 1269 ‘

861 1360 925 1412 P.
972 1359 1029 1413 S.
1107 1360 1264 1412 Hanc
1317 1357 1638 1432 epistolam,
1702 1378 1870 1431 quum
1923 1357 1989 1411 ad
2042 1376 2442 1426 mercatorem,
2499 1378 2597 1433 per
2635 1377 2798 1431 quern
2838 1361 3027 1414 Tuam
3068 1379 3226 1416 acee-

712 1467 935 1527 peram,
991 1456 1153 1519 misi,
1212 1469 1341 1504 ecce
1397 1452 1490 1504 ille
1536 1451 1732 1505 eodem
1773 1452 1861 1506 die
1905 1458 2016 1506 iam
2056 1452 2286 1506 abierat.
2364 1454 2554 1524 Itaque
2594 1452 2724 1506 dum
2766 1454 2936 1508 aliam
2973 1462 3225 1509 occasio-

711 1563 846 1599 nem
885 1550 1001 1599 eius
1028 1544 1348 1599 'mittendae
1387 1552 1735 1617 exspectavi,
1794 1541 1977 1610 ἕωλος
2029 1545 2176 1599 iacta
2222 1563 2323 1600 est.
2402 1546 2510 1600 Sed
2551 1548 2750 1601 incidit
2793 1548 3045 1620 aliquid,
3100 1554 3226 1623 p'ro-

712 1656 841 1713 pter
877 1637 1025 1709 quod
1064 1656 1184 1693 eam
1224 1637 1621 1712 per·publicos
1675 1657 1927 1694 cursores
1983 1645 2206 1693 mittere
2255 1638 2492 1693 decrevi.
2570 1642 2745 1694 'sotus
2806 1647 2923 1695 iam
2984 1661 3107 1696 sum
3161 1651 3219 1697 in

711 1733 919 1787 Tacito
973 1731 1300 1806 expoliendo
1354 1749 1515 1805 atque
1566 1732 1915 1787 illustrando.
1994 1737 2203 1787 Paucas
2261 1734 2482 1789 notulas
2534 1732 2862 1807 adspergere
2918 1741 2982 1790 in
3037 1743 3217 1791 animo

708 1825 906 1882 habui.
982 1828 1087 1880 Sed
1146 1824 1278 1879 dum
1335 1844 1474 1899 opus
1531 1843 1815 1900 aggressus
1874 1843 2032 1894 sum,
2093 1833 2383 1881 materiam
2443 1828 2738 1901 largiorem
2792 1829 2990 1882 datam
3054 1836 3221 1904 reperi

707 1936 999 1983 notarumg
1039 1925 1367 1993 praesertim
1410 1939 1577 1992 quum
1619 1936 1911 1995 apparatus
1952 1939 2064 1975 non
2102 1922 2440 1990 spernendus
2482 1923 2755 1976 librorum
2793 1924 2941 1977 mihi
2980 1921 3221 1980 daretur.

708 2019 922 2087 Accepi
969 2019 1121 2067 enim
1161 2014 1415 2073 codicem
1460 2014 1580 2069 MS.
1633 2034 1662 2067 e
1712 2015 2055 2068 bibliotheca
2092 2014 2553 2091 Guelferbytana,
2619 2015 2929 2071 editionem
2980 2024 3221 2091 primam

709 2108 1025 2181 Spirensis,
1086 2123 1194 2180 qua
1243 2126 1406 2160 nemo
1461 2115 1824 2183 interpretum
1876 2109 2054 2161 adbuc
2108 2127 2238 2162 usus
2291 2127 2408 2177 est,
2480 2126 2711 2181 eamque
2764 2110 2991 2164 ebono
3033 2111 3226 2167 codice

709 2218 957 2257 auctam.
1036 2203 1363 2274 Comparari
1403 2207 1575 2256 etiam
1615 2203 1750 2255 alias
1789 2202 2080 2270 editiones,
2120 2206 2392 2257 Venetam
2431 2203 2754 2272 Puteolani,
2810 2204 3088 2258 Ber-oaldi
3125 2208 3229 2260 Βο-

709 2306 974 2361 manam,
1032 2301 1263 2369 primam
1316 2297 1593 2350 Rhenani:
1660 2295 1803 2349 unde
1857 2297 2101 2350 intellexi
2158 2296 2405 2351 nondum
2456 2302 2514 2350 in
2564 2302 2699 2350 crisi
2750 2297 2856 2351 hac
2908 2297 3229 2353 adhibitam

709 2407 833 2445 esse
872 2395 1075 2445 iustam
1115 2391 1491 2463 diligentiam:
1556 2407 1715 2464 saepe
1758 2408 1857 2462 pro
1902 2396 2238 2444 coniecturis
2290 2394 2579 2465 proponi,
2618 2406 2756 2463 quae
2806 2396 2925 2444 iam
2975 2408 3119 2447 eunt
3167 2398 3225 2447 in

691 2480 957 2556 'antiquis
1007 2484 1196 2549 libris,
1262 2490 1396 2539 vitia
1449 2486 1843 2558 typographica
1894 2502 2012 2537 esse
2062 2500 2361 2558 propagata
2416 2504 2517 2557 per,
2547 2484 2746 2538 multas
2789 2483 3112 2554 editiones,
3169 2499 3227 2540 et

710 2596 879 2652 cuper
917 2582 987 2633 iis
1025 2583 1253 2633 criticas
1289 2584 1644 2632 coniecturas
1686 2577 1918 2651 proferri
1959 2595 2066 2632 cet.
2148 2579 2341 2651 Itaque
2380 2576 2593 2653 idegi,
2651 2595 2713 2634 ut
2750 2584 2810 2632 in
2844 2583 3005 2632 notis
3046 2581 3229 2634 histn-

709 2677 856 2726 riam
896 2688 958 2727 et
986 2678 1143 2746 quasi
1187 2673 1563 2748 genealogiam
1601 2672 1906 2725 lectionum
1946 2671 2286 2739 indicarem,
2344 2686 2403 2726 et
2438 2677 2499 2726 in
2537 2670 2879 2747 praefatione
2920 2672 3229 2728 historiam

675 2757 1023 2830 editionum
1081 2774 1484 2857 accuratiprem
1542 2768 1787 2821 scribere
1844 2765 2079 2820 decrevi.
2146 2745 2264 2822 ‘sed
2311 2768 2662 2822 vehementer
2718 2765 2975 2822 desidero
3019 2767 3229 2823 editio-

709 2879 843 2917 nem
895 2863 1231 2927 Romanam,
1294 2878 1435 2934 quae
1487 2862 1609 2916 Sec.
1662 2864 1784 2916 XV.
1836 2858 2073 2934 prodiit,
2135 2879 2313 2932 quum
2361 2859 2494 2914 libri
2547 2866 2762 2933 priores
2812 2879 2912 2915 sex
2961 2862 3228 2916 nondun

711 2969 897 3010 essent
935 2960 1165 3010 inventi.
1242 2958 1379 3008 Eam
1416 2971 1683 3028 nusquam
1723 2960 1879 3028 potui
1926 2958 2184 3027 reperire.
2254 2955 2474 3028 Lipsius
2513 2970 2637 3007 eam
2676 2954 2761 3009 bis
2802 2970 2955 3009 terve
2993 2954 3228 3010 landas:

711 3048 992 3104 editorum
1052 3050 1385 3121 reliquorum
1444 3067 1606 3103 nemo
1667 3052 1870 3102 vidisse
1926 3050 2161 3104 videtur.
2238 3048 2447 3102 Saltem
2502 3065 2671 3102 nemo
2718 3047 2934 3103 laudat.
3017 3051 3114 3104 Ex
3166 3065 3231 3103 a

710 3143 954 3198 videtur
985 3147 1196 3197 Veneta
1259 3159 1308 3199 a.
1363 3147 1530 3204 1498.
1593 3162 1691 3217 per
1754 3146 1945 3197 Franc.
2024 3142 2390 3196 Puteolanum
2458 3142 2701 3197 fluxisse.
2781 3144 2966 3215 Igitur
3034 3148 3234 3216 magni

711 3236 886 3291 refert
926 3243 1101 3304 scire,
1140 3237 1272 3309 quid
1313 3238 1406 3292 ille
1444 3240 1578 3291 hinc
1618 3243 1946 3311 sumpserit,
1986 3235 2121 3307 quid
2157 3241 2410 3290 mutarit.
2485 3237 2651 3290 Venit
2689 3236 2826 3290 mibi
2867 3240 2933 3291 in
2968 3254 3233 3292 mente-

711 3347 968 3405 cperare,
1031 3349 1154 3386 eam
1205 3330 1511 3395 editionem
1563 3337 1621 3385 in
1679 3336 1841 3385 terris
1892 3335 2119 3398 vestris,
2181 3346 2320 3402 quae
2359 3330 2554 3383 Italiae
2597 3345 2727 3384 sunt
2767 3336 3237 3403 propinquior-ea,

710 3424 949 3480 fortasse
999 3431 1251 3500 reperiri.
1331 3429 1526 3499 Itaque
1563 3427 1645 3479 Te
1690 3443 1859 3499 rogo,
1921 3441 1982 3478 ut
2020 3430 2068 3479 si
2109 3430 2214 3478 iste
2249 3423 2395 3477 liber
2431 3422 2574 3496 apud
2613 3440 2709 3476 vos
2747 3429 2984 3496 reperiri
3028 3432 3243 3499 possit,

709 3525 833 3574 eius
886 3522 1026 3574 mihi
1080 3525 1243 3592 copia
1296 3536 1357 3573 ut
1413 3520 1507 3572 fiat
1560 3536 1753 3587 cures,
1816 3535 1872 3574 et
1921 3522 2179 3592 proximo
2231 3533 2479 3571 mercatu
2526 3536 2624 3590 per
2683 3532 3031 3572 mercatore·
3088 3521 3239 3574 mihi

710 3619 927 3669 mittas.
1005 3614 1225 3669 Redibit
1282 3630 1481 3686 magna
1540 3629 1670 3666 cum
1724 3617 1921 3685 gratia.
1996 3612 2183 3664 Etiam
2236 3609 2644 3665 Mediolanensi
2699 3627 2752 3667 a.
2803 3612 2975 3669 1516.
3042 3629 3239 3668 cas-en.

712 3706 822 3763 Sed
875 3714 1132 3782 aequius,
1188 3706 1332 3780 quod
1374 3708 1525 3761 illam
1561 3725 1676 3760 non
1714 3705 1911 3760 dubito
1957 3722 2134 3760 totam
2172 3703 2398 3758 ductam
2436 3722 2555 3758 esse
2595 3723 2627 3758 e
2664 3707 2917 3759 Romana
2955 3707 3241 3764 Bes-oaldi

712 3818 764 3855 a.
806 3807 969 3862 1515.
1009 3802 1177 3857 edita.
1256 3802 1316 3855 Si
1353 3820 1468 3855 non
1507 3806 1566 3855 in
1609 3816 1720 3854 tarn
1760 3816 2056 3872 angustum
2095 3815 2306 3871 tempus
2354 3816 2443 3852 me
2489 3798 2747 3852 concludi
2784 3816 2980 3871 passus
3023 3818 3242 3867 aaa,

714 3912 1038 3970 propterea,
1107 3895 1253 3968 quod
1305 3893 1362 3949 id
1411 3912 1544 3949 meo»
1584 3895 1858 3959 consilio,
1920 3891 2069 3965 quod
2120 3893 2188 3945 ab
2230 3897 2393 3946 initio
2439 3909 2588 3960 erat,
2652 3890 2903 3946 sufficere
2946 3910 3243 3970 putarem,

715 3992 974 4044 adiissem
1023 3992 1146 4043 Em.
1187 3992 1487 4058 Quirinum
1529 4008 1624 4060 per
1662 3988 1884 4053 literas,
1947 4002 2008 4056 ut
2057 4002 2313 4059 excerpta
2351 3985 2527 4039 Codd.
2565 3989 2972 4039 vaticanorum
3025 4004 3248 4041 conse-

713 4104 943 4156 querer,
998 4088 1090 4156 qui
1146 4099 1176 4136 a
1216 4086 1445 4138 Norisio
1496 4088 1556 4136 in
1595 4082 1838 4155 Epochis
1886 4080 2391 4154 Syromacedonum
2436 4077 2754 4134 laudantur.
2835 4079 3005 4134 Nunc
3049 4086 3113 4134 ei
3158 4087 3246 4135 rei

713 4195 935 4252 tempus
975 4197 1088 4233 non
1125 4175 1360 4233 sufficit:
1421 4193 1474 4230 et
1512 4183 1646 4231 satis
1686 4176 1904 4231 habebo
1942 4195 2041 4250 per
2082 4175 2354 4231 editiones
2392 4191 2604 4229 veteres
2641 4190 2700 4229 et
2736 4171 2999 4228 codicem
3042 4173 3252 4231 Guelf-

711 4288 994 4344 utcunquc
1034 4274 1235 4326 Tacito
1276 4271 1640 4326 consuluisae.

864 4367 1178 4426 Wetstenii
1216 4351 1638 4420 Testamentum
1690 4370 1806 4418 iam
1858 4363 2224 4438 perlustrandi
2275 4361 2601 4438 facultatem
2652 4359 2854 4416 habui:
2919 4368 3139 4418 neseio
3181 4379 3256 4418 an

613 4535 616 4540 ἱ
714 4477 772 4515 et
812 4478 906 4514 vos
946 4459 1216 4526 Helvetii,
1275 4459 1493 4532 quando
1532 4460 1627 4513 ine
1666 4477 1769 4513 suo
1807 4475 2035 4530 sumptu
2071 4457 2278 4522 edidit,
2338 4474 2508 4527 eaque
2546 4454 2617 4509 de
2653 4471 2847 4509 caussa
2884 4473 3257 4512 mercatore·

713 4548 933 4607 librarii
973 4555 1123 4607 nulla
1163 4555 1413 4627 exempla
1455 4560 1513 4608 in
1554 4555 1800 4608 tabernis
1840 4553 2063 4606 liabent.
2128 4553 2259 4606 'Vidi
2301 4557 2361 4605 in
2396 4551 2849 4624 prolegomenis,
2884 4567 3037 4623 quae
3083 4550 3253 4606 nus

713 4664 930 4704 mutata
969 4663 1026 4701 et
1066 4664 1221 4701 aucta
1262 4666 1423 4717 sunt,
1462 4641 1651 4702 multis
1690 4647 1872 4702 verbis
1913 4652 2154 4712 narrari,
2206 4664 2343 4719 quae
2384 4651 2443 4700 in
2481 4645 2732 4699 Helvetia
2770 4649 2832 4697 in
2871 4649 2999 4699 eius
3038 4660 3254 4700 canusa

714 4761 839 4801 acta
893 4757 1050 4796 sunt:
1120 4746 1236 4794 eius
1287 4749 1625 4797 narrationis
1679 4747 1909 4796 initium
1962 4757 1991 4793 a
2028 4741 2150 4794 Tuo
2201 4745 2429 4794 nomine
2467 4739 2617 4793 fieri:
2683 4752 2867 4792 totam
2907 4756 3039 4793 esse
3088 4741 3259 4794 vehe-

717 4844 963 4898 mentius
1023 4841 1312 4910 scriptam.
1401 4839 1665 4905 Ceterum
1717 4853 1961 4907 vereor„
2005 4851 2075 4898 ut,
2122 4834 2444 4898 horruerit
2484 4852 2561 4898 cx.
2610 4832 2714 4898 illo
2768 4849 2947 4908 opere
2996 4836 3264 4896 multant
