3502 5487
693 424 994 525 own.
1074 459 1461 518 Novam
1500 457 1750 516 RA'mo
1791 458 2007 516 APVD
2054 459 2469 519 ROMANos.
2730 463 2843 523 487

345 590 582 649 Allobr.
642 590 817 647 Grut.
858 595 1003 658 631,
1049 596 1103 648 7.
1184 590 1429 647 Bimard
1482 591 1708 662 proleg.
1761 611 1822 666 p.
1881 598 1973 652 88.
2031 594 2405 667 qui¹Signum
2443 603 2612 648 recte
2652 591 2845 666 expli..

347 697 474 743 cat:
518 684 806 760 populare
842 695 1330 760 cognomentum,
1372 686 1670 755 sobriqeoet.
1709 686 1821 741 cfr.
1860 684 2106 759 Vopisc.
2155 687 2346 739 Aurel.
2385 689 2442 743 6.
2485 686 2731 751 tribuno,
2758 715 2837 730 -

345 779 469 831 huic
521 786 747 847 signum
801 783 1083 831 exercitus
1118 787 1458 850 apposuerat
1500 780 1685 830 Manu
1721 778 1803 829 ad
1824 776 2083 849 fetrum.
2148 778 2194 833 F
2200 776 2412 834 abrett.
2450 798 2511 853 p.
2550 785 2694 845 252,
2738 778 2832 834 42.

346 872 483 929 HIC
521 862 1136 929 IACE'PAVFIDIA
1169 869 1570 928 SEVERINA
1606 869 1850 928 SIGNO
1890 871 2319 927 FLORENTI.
2377 871 2535 929 Mur.
2564 879 2745 943 1582Ά
2776 879 2833 933 8.

346 965 626 1019 Octaviae
663 967 948 1018 Felicitati
983 966 1160 1034 Signo
1192 959 1410 1019 Lbonti.
1472 964 1595 1021 Csr.
1634 963 1878 1020 Oderic.
1911 984 1971 1040 p.
2016 965 2145 1026 347.
2177 983 2302 1042 seq.

498 1085 667 1139 2781.
725 1077 1002 1134 Ceterum
1037 1095 1147 1152 per
1183 1087 1372 1133 totum
1419 1061 1547 1133 hoc³
1576 1088 1755 1151 caput
1800 1096 1980 1133 unum
2020 1079 2376 1151 praesertim
2411 1075 2631 1133 librum
2676 1075 2835 1133 desi-

347 1170 586 1238 det-avi,
647 1173 815 1227 cuius
869 1173 1040 1245 copia
1097 1172 1160 1226 in
1210 1169 1480 1228 Helvetia
1530 1189 1651 1226 non
1708 1181 1856 1226 erat.
1955 1172 2047 1224 De
2087 1172 2321 1223 Familia
2363 1171 2833 1224 Caesennia-in-

345 1265 1033 1337 scriptiones-collectae,
1108 1265 1435 1316 lucubrante
1511 1262 1779 1321 PETRO
1831 1262 2204 1321 ANTONIO
2260 1260 2669 1320 BRASCHIO
2714 1275 2826 1319 cet.

348 1355 570 1414 Romae
606 1365 808 1427 1731„
850 1360 944 1426 4.,
988 1358 1156 1413 cuius
1193 1355 1610 1414 brevissimam
1652 1359 1950 1432 epitomen
1988 1357 2251 1432 reperies
2301 1359 2363 1414 in
2392 1354 2831 1432 Supplementis

348 1449 424 1507 ad
472 1453 644 1504 Nova
682 1455 834 1504 Acta
880 1451 1172 1504 Eruditor.
1251 1451 1424 1506 Tom.
1463 1451 1600 1508 VII.
1643 1449 1809 1507 Sect.
1848 1451 2011 1508 VIII.
2062 1470 2123 1525 p.
2172 1458 2303 1512 570.
2422 1449 2835 1508 Confercndus

345 1545 523 1601 etiam
575 1543 900 1603 Salmasius
951 1547 1016 1602 in
1067 1544 1507 1604 Commentario
1559 1546 1839 1605 inchoato
1891 1544 1967 1601 ad
2010 1542 2366 1601 Arnobium.
