3502 5487
1217 484 1221 489 .
1271 446 1320 512 §.
1367 449 1459 499 11.
1498 460 1502 475 ’
1538 441 1959 501 FETIALES.
2475 496 2481 507 .
2757 449 2869 509 593

363 587 500 627 notat
533 581 718 628 Gorius
755 577 955 636 11:442.
989 585 1119 625 extr.
1191 579 1251 625 In
1288 586 1386 625 tota
1421 579 1730 626 Grueen‘ano
1766 579 2004 626 thesauro
2051 582 2203 626 unica
2235 587 2427 626 tantum
2460 587 2541 626 est
2573 583 2861 641 inscriptio,

361 653 417 696 in
454 665 552 711 qua
587 649 897 695 FETIALIS
920 649 992 713 fit
1031 653 1216 694 mentio
1243 664 1300 708 p.
1340 649 1525 697 1107.:
1570 650 1620 695 4.
1667 650 1828 696 Penes
1862 650 2082 697 Fetiales
2118 651 2267 706 belli,
2307 652 2552 711 pacisque
2587 649 2870 710 faciendae

347 718 678 781 foederisque
703 717 946 779 feriandi
981 722 1062 763 ias
1099 726 1244 773 erae;
1287 734 1405 778 quae
1442 726 1685 776 postrema
1724 720 1905 765 Gorius
1943 733 2001 765 ex
2038 721 2184 765 Festo
2221 735 2327 766 voc.
2365 720 2584 765 Fetiales
2621 723 2870 779 desumpta

357 793 547 848 planius
584 790 799 835 nonnihil
837 802 893 833 ac
929 790 977 833 in
1014 791 1162 834 Festo
1199 790 1419 848 leguntur
1456 796 1530 835 est
1565 793 1862 845 prolocutus.
1938 790 2069 835 Mur.
2109 788 2240 845 722,
2285 788 2333 835 7.
2392 780 2769 858 ρῦὶῐῆῑργΜὲοῐὶξίἰ
2810 805 2870 837 ex

351 862 506 907 Gorio
542 862 660 905 dans
697 861 815 903 baec
854 865 1237 905 commentatur:
1293 859 1601 904 FETIALIS
1640 873 1739 917 pro
1781 856 2077 904 FECIALIS
2111 861 2456 921 peregrinam
2486 855 2651 918 flutas
2698 858 2957 923 Reque*

358 932 415 976 s‘n
433 928 688 989 lapidibus
711 942 982 983 occurrere
1007 930 1133 973 salse
1161 929 1411 973 eiusmodi
1433 943 1633 974 ananus.
1685 927 2120 974 Halicarnassum
2147 927 2196 984 2,
2229 928 2311 975 72.
2346 937 2511 994 tamen
2537 936 2679 986 teste,
2706 931 2868 977 Colle—

361 1003 494 1061 gium
530 999 792 1044 Fecialinm
836 996 1020 1043 Romae
1049 995 1188 1057 suit,
1246 999 1300 1043 in
1347 1013 1441 1059 quo
1480 1001 1621 1043 locas
1654 1006 1769 1043 erat
1814 1000 2239 1055 praestantissimis
2277 999 2614 1044 tantummodo
2648 1001 2864 1046 familiis.
2894 1004 2913 1057 f

361 1073 655 1127 Vtrumque,
731 1074 829 1113 tum
865 1068 1104 1123 Gorium,
1155 1073 1254 1112 tum
1291 1070 1614 1114 Muratorium
1649 1070 1782 1113 vides
1832 1069 1894 1112 ob
1946 1073 2365 1114 monumentorum
2418 1085 2446 1128 q
2613 1077 2869 1117 causantur

360 1142 649 1198 paucitatem
685 1140 743 1183 de
779 1138 1043 1183 Fetialibus
1079 1140 1278 1193 paucula
1313 1140 1523 1194 dixisse,
1575 1153 1721 1196 enque
1759 1153 1854 1183 non
1889 1139 2008 1184 satis
2044 1142 2384 1199 congruentia:
2438 1058 2690 1267 έῒιεηίω
2727 1141 2869 1186 Gorii

363 1210 717 1255 observationis
753 1209 1086 1261 Mur-aterius,
1146 1208 1270 1265 quod
1307 1210 1490 1264 miror,
1548 1223 1641 1253 non
1678 1210 1982 1263 meminerit,
2042 1210 2158 1253 satis
2197 1215 2352 1253 tamen
2389 1218 2447 1254 ex
2542 1211 2741 1254 uratorii
2781 1211 2866 1253 ob-

366 1282 634 1325 servatione
673 1278 849 1336 liquet,
898 1292 1002 1322 eam
1039 1277 1192 1322 Gorio
1230 1279 1500 1333 oppositam
1537 1292 1661 1323 esse.
1722 1280 1959 1322 Cnussnm
1994 1280 2061 1323 ita
2097 1278 2338 1324 scribendi
2376 1280 2679 1342 muratorio,
2718 1294 2869 1337 quan-

366 1357 467 1395 tum
502 1350 670 1402 video,
733 1348 888 1407 dedit,
955 1348 1078 1404 quod
1124 1347 1171 1390 in
1210 1347 1420 1394 Grutero
1464 1346 1623 1402 1107,
1667 1345 1714 1392 4.
1773 1362 1867 1393 non
1904 1348 2232 1403 FETlALlS,
2297 1354 2346 1392 ut
2382 1349 2561 1395 Gorius
2582 1349 2883 1404 'adferebam'

367 1422 452 1465 sed
486 1418 780 1463 FECIALIS
817 1417 1007 1461 videbat
1051 1417 1227 1461 editum
1277 1432 1415 1475 esse;
1474 1423 1524 1461 et
1569 1432 1683 1462 sane
1721 1417 1960 1467 Cellarius
1999 1416 2242 1478 Orthogr.
2283 1433 2330 1474 p.
2376 1415 2492 1464 108.
2566 1419 2867 1464 Pss'rlALls
2948 1420 2955 1433 ⁸

366 1504 455 1547 per
491 1490 551 1533 Τ.
592 1501 737 1545 quum
781 1485 1062 1542 probasset,
1127 1486 1320 1531 subiicit
1366 1502 1452 1543 per
1489 1486 1546 1531 C.
1590 1493 1744 1531 tamen
1795 1488 1887 1546 legi
1937 1489 1982 1531 in
2022 1487 2163 1532 Grul.
2209 1484 2368 1543 1107,
2422 1487 2471 1533 4.
2548 1489 2700 1546 Quam
2747 1503 2865 1534 vero

365 1561 591 1603 fallantur
639 1559 817 1602 Gorius
873 1561 920 1600 et
967 1556 1263 1599 Muratorius
1318 1558 1364 1602 in
1415 1558 1627 1602 Grutero
1674 1556 1990 1603 FETlALES
2042 1559 2118 1603 vel
2169 1557 2511 1614 FECIALES,
2574 1560 2666 1604 nisi
2684 1572 2702 1591 ‹·
2720 1570 2867 1604 unum

365 1631 530 1683 illum,
593 1642 687 1671 non
735 1636 1050 1678 occurrere,
1086 1626 1285 1670 inferius
1334 1627 1609 1684 pandemus.
1684 1626 1985 1671 FE'rlAms
2033 1641 2118 1683 per
2167 1627 2228 1670 Τ.
2284 1614 2440 1683 potius
2489 1642 2631 1686 quam
2677 1641 2764 1685 per
2800 1628 2861 1675 G.

368 1698 670 1743 scribendum
706 1711 842 1749 esse,
882 1695 1036 1738 miror
1059 1708 1120 1739 ex
1144 1696 1572 1752 Halicarnassaeo,
1613 1699 1670 1740 ad
1708 1710 1850 1753 quem
1883 1702 2142 1752 provocat,
2185 1698 2509 1742 muratorium
2535 1712 2627 1743 non
2653 1700 2861 1744 vidisse:

366 1774 529 1813 monet
563 1769 689 1813 enim
726 1766 963 1812 Cellarius
998 1765 1094 1809 loc.
1134 1765 1219 1809 cit.
1261 1770 1383 1823 apud
1419 1767 1864 1812 Halicarnassaeum
1900 1780 2090 1824 semper
2127 1780 2213 1821 per
2249 1768 2311 1811 Τ.
2352 1769 2478 1826 legi3
2534 1768 2865 1828 Sylburgium·

367 1852 458 1895 que
497 1851 550 1882 ex
591 1838 736 1881 Suida
772 1850 878 1880 voc.
922 1827 1234 1901 ᾳητιάλεις
1275 1839 1417 1881 eliam
1464 1852 1524 1901 η.
1571 1840 1675 1882 loco
1713 1850 1753 1885 ι.
1802 1841 1876 1883 vel
1916 1849 1959 1887 ε.
2011 1842 2117 1881 ante
2159 1850 2210 1885 τ.
2251 1838 2594 1883 restituendum
2640 1839 2864 1884 Italicar-
2940 1888 2945 1889 ⁷

365 1921 568 1952 nassaeo
618 1920 723 1951 esse
770 1905 1071 1952 arbitratum.
1148 1905 1308 1966 Quid?
1369 1911 1495 1965 quod
1544 1913 1819 1953 constanter
1865 1909 2040 1955 Graeci
2090 1915 2309 1954 auctores
2347 1908 2407 1951 Τ.
2458 1906 2634 1951 habent
2679 1910 2725 1952 in
2776 1909 2864 1953 hae

363 1992 481 2022 voce
518 1977 715 2029 Latina,
780 1979 964 2037 quoties
1014 1992 1118 2022 eam
1158 1979 1345 2024 Graeco
1393 1992 1482 2023 suo
1530 1980 1740 2024 sermoni
1781 1979 2111 2024 intexuerunt:
2175 1980 2221 2023 id
2262 1980 2417 2033 ipsum
2455 1990 2641 2035 quoque
2679 1979 2866 2022 monuit

363 2047 571 2092 ‘Vossius
607 2047 654 2089 in
690 2045 1023 2107 Etymologico
1060 2062 1163 2092 voc.
1205 2047 1456 2093 Fetiales:
1499 2054 1547 2094 et
1566 2052 1688 2092 unte
1726 2058 1834 2094 eum
1871 2051 2015 2094 Aldus
2054 2048 2101 2091 in
2138 2045 2518 2107 orthographia
2556 2061 2603 2102 p.
2642 2061 2708 2091 m.
2741 2044 2859 2092 352.

363 2131 471 2162 voc.
510 2114 743 2160 Fetiales.
817 2118 1236 2163 Schurzsseischius
1274 2117 1419 2162 Orcla.
1461 2132 1507 2174 p.
1547 2133 1614 2162 m.
1646 2114 1730 2163 31.
1788 2118 2116 2172 FETIAMS',
2158 2118 2339 2175 inquit,
2379 2132 2473 2161 non
2512 2130 2597 2172 per
2614 2110 2693 2161 “C.
2735 2116 2860 2162 Livii

365 2188 510 2231 MSS.
573 2185 774 2231 Codices
812 2186 1004 2232 babent.
1065 2188 1198 2233 Unde
1235 2188 1388 2233 Gorio
1425 2178 1560 2237 ortus
1597 2190 1660 2232 sit
1695 2202 1868 2245 error,
1906 2189 2055 2234 semel
2093 2194 2273 2233 tantum
2309 2189 2356 2232 in
2395 2187 2866 2232 Grutero‹FET1A·

364 2256 465 2301 Lis
510 2257 791 2299 memoriam
829 2263 1049 2311 exstare,
1101 2259 1346 2315 quaerenti
1396 2258 1509 2303 mihi
1558 2259 1684 2302 dedit
1721 2272 1828 2303 sese
1865 2261 1937 2305 rei
1975 2260 2104 2303 illius
2140 2259 2309 2318 origo:
2372 2247 2523 2314 neq'ue
2561 2258 2687 2301 enim
2724 2258 2863 2301 buius

365 2328 497 2370 vocis
532 2326 686 2385 gratia
723 2330 874 2370 tutum
910 2327 1250 2371 Gruteriunum
1286 2328 1560 2391 thesaurum
1606 2329 1753 2372 volvit
1803 2330 2096 2386 revolvitque
2135 2329 2343 2380 Gorius,
2405 2328 2490 2371 sed
2536 2328 2594 2370 ad
2631 2325 2865 2386 Scaligeri

367 2398 547 2441 indices
583 2397 803 2450 delapsus
840 2398 1030 2440 nonnisi
1070 2397 1237 2441 indicis
1274 2398 1428 2452 capita
1463 2400 1555 2442 duo
1593 2400 1809 2455 quintum
1844 2405 2124 2455 sextumque
2162 2397 2427 2450 consuluit,
2487 2398 2533 2440 in
2569 2397 2863 2455 magistrati-

369 2464 460 2511 bus
504 2465 874 2522 muneribusque
925 2466 1145 2511 civilibus
1191 2468 1537 2512 militaribusve
1587 2468 1907 2527 investigans:
1972 2470 2097 2526 quod
2147 2481 2290 2525 quum
2337 2466 2519 2510 faceret
2553 2465 2866 2511 nouinvenit

368 2536 461 2580 nisi
498 2535 588 2579 hoc
626 2548 766 2578 unum
803 2537 850 2579 in
887 2536 985 2579 ind.
1030 2533 1078 2579 6.
1149 2533 1368 2580 Feeialt's
1403 2536 1528 2597 Leg.
1569 2536 1749 2595 Propr.
1796 2537 1919 2583 1107
1944 2570 1957 2592 ,
1999 2536 2047 2582 4.
2125 2537 2224 2581 Cur
2270 2550 2388 2581 vero
2436 2550 2528 2579 non
2577 2535 2769 2580 divertit
2804 2536 2864 2580 ad

369 2606 577 2649 honores
614 2618 778 2649 sacros
813 2619 897 2649 seu
936 2606 1192 2663 religiosos
1230 2607 1399 2651 indicis
1433 2606 1600 2652 tertii?
1661 2608 1726 2652 ibi
1777 2608 1892 2654 haec
1942 2608 2035 2652 tria
2077 2609 2336 2652 invenisset
2372 2607 2559 2650 iuncta:
2620 2603 2860 2660 Fecimus,

347 2669 417 2718 ‘et
450 2673 678 2718 Fetialt's.
731 2671 858 2729 360,
902 2671 950 2718 3.
1009 2672 1137 2729 457,
1179 2672 1228 2720 2.
1292 2674 1452 2732 1107,
1494 2674 1544 2721 4.
1618 2677 1670 2721 Ιιι
1718 2691 1818 2722 sec.
1870 2677 2009 2722 Grut.
2062 2679 2138 2722 ed.
2186 2679 2244 2721 ad
2283 2673 2413 2731 457,
2454 2673 2504 2719 2.
2560 2675 2675 2719 haec
2724 2677 2863 2719 datur

371 2747 531 2790 notula
568 2746 614 2789 d.
655 2742 752 2789 oid.
788 2742 948 2801 1107,
980 2740 1039 2789 ³4.
1079 2751 1128 2789 et
1155 2742 1272 2800 360,
1316 2743 1386 2801 3.,
1426 2761 1566 2805 quum
1603 2748 1741 2793 facile
1779 2750 1873 2793 iam
1911 2748 2208 2794 existimabis
2246 2761 2305 2792 ex
2341 2747 2443 2790 lnd.
2475 2741 2524 2790 3.
2565 2747 2864 2801 desumptam

369 2829 495 2860 esse.
572 2816 623 2859 ln
674 2812 803 2868 457,
853 2812 902 2858 2.
967 2816 1104 2858 datur
1150 2816 1431 2862 FETIALI.
1509 2818 1560 2861 ln
1612 2815 1740 2873 360,
1797 2815 1843 2863 3.
1909 2825 2068 2864 antem
2116 2817 2430 2862 k‘EclALls.
2507 2815 2578 2858 Ex
2623 2813 2752 2870 457,
2806 2813 2857 2860 2.

369 2885 633 2929 Hollhenus
670 2886 726 2929 de
764 2899 852 2928 suo
889 2886 1016 2930 dedit
1052 2888 1430 2941 supplementum
1466 2887 1625 2933 India.
1659 2888 1739 2934 19.
1786 2888 1961 2934 hocce:
2011 2889 2072 2932 T.
2113 2902 2200 2943 pro
2238 2888 2296 2932 C.
2372 2886 2587 2930 Fetialis.
2631 2882 2728 2931 457
2752 2917 2766 2940 ,
2807 2882 2859 2931 2.

368 2969 464 3012 quo
500 2956 639 2998 facile
677 2955 1025 3010 caruissemus3
1067 2957 1376 3009 praeferenda
1413 2959 1539 3002 enim
1575 2959 1812 3013 scriptura
1850 2957 2146 3002 FETIALIS
2184 2972 2268 3013 per
2295 2957 2356 3001 T.
2391 2956 2861 3013 exscriptoribusque

366 3026 526 3081 potius
562 3025 813 3068 tribuerim
850 3024 1143 3068 FEClALlS
1183 3039 1268 3080 per
1304 3026 1397 3081 C.,
1447 3042 1587 3085 quum
1626 3033 1675 3071 ut
1712 3029 2009 3083 existimem,
2048 3025 2361 3071 ·1-·ET1ALls
2409 3027 2535 3069 male
2570 3026 2863 3080 exscriptum

367 3106 504 3140 esse:
552 3095 660 3152 quia
697 3095 895 3138 invaluit
929 3096 1069 3153 vulgo
1105 3093 1354 3150 Fecialis,
1389 3097 1488 3140 ‘non
1524 3096 1766 3142 Fetiala's:
1811 3099 1901 3142 nisi
1939 3099 2088 3152 velis,
2139 3099 2234 3142 iam
2271 3098 2387 3141 olim
2423 3101 2672 3153 utrumque
2710 3096 2860 3141 fuisse

366 3165 414 3209 in
451 3177 569 3212 usu:
632 3165 678 3207 id
714 3166 840 3221 qnod
879 3170 1033 3209 tamen
1068 3165 1148 3208 vix
1183 3171 1372 3220 putem:
1430 3169 1540 3224 quia
1583 3169 1761 3224 antiqui
1800 3167 1857 3211 C.
1898 3173 2004 3212 ante
2044 3168 2082 3212 Ι.
2124 3172 2174 3211 nt
2210 3168 2272 3211 K.
2314 3166 2713 3222 pronuntiarunt,
2772 3178 2862 3209 nos

367 3240 524 3278 autem
561 3233 647 3278 TI.
688 3239 736 3278 et
770 3234 851 3278 Cl.
891 3238 1117 3292 sequente
1157 3237 1339 3292 vocali,
1396 3239 1527 3295 quasi
1566 3239 1607 3281 zi
1653 3238 2044 3293 pronuntiamus:
2103 3238 2216 3281 illud
2255 3249 2456 3295 graecos
2493 3236 2554 3280 T.
2595 3236 2710 3281 fecit
2743 3233 2860 3280 reti-

267 3319 272 3324 ·
365 3316 511 3349 nere:
575 3303 664 3347 hoe
713 3305 1033 3360 exscriptores
1080 3304 1219 3349 facile
1268 3306 1316 3350 iu
1365 3320 1584 3350 errorem
1632 3308 1792 3360 duxit,
1858 3308 1969 3351 dum
2013 3321 2198 3351 morem
2246 3320 2384 3350 suum
2429 3305 2668 3350 scribendi
2707 3305 2862 3364 magis

367 3372 715 3430 sequebantur,
779 3388 919 3432 quam
956 3374 1011 3418 ad
1051 3376 1262 3433 singulas
1298 3390 1525 3421 saxorum
1575 3378 1740 3421 literas
1790 3377 2121 3422 attendebant:
2192 3390 2330 3421 secus
2378 3390 2433 3419 ac
2481 3372 2587 3420 fieri
2635 3374 2857 3420 debebat.

368 3443 550 3487 Cellar.
591 3440 834 3502 Urtkogr.
875 3457 923 3499 p.
967 3440 1083 3488 108.
1135 3445 1263 3488 addit
1305 3447 1508 3501 lapidem
1547 3461 1603 3491 ex
1641 3448 1860 3491 Manulio
1896 3447 1984 3492 sub
2021 3447 2221 3491 Tiberio
2259 3446 2539 3500 inscriptum
2574 3443 2857 3488 FETmLt.

367 3511 522 3557 Habet
557 3511 878 3556 Cellarianum
914 3514 1119 3569 lapidem
1154 3515 1288 3560 illum
1325 3517 1471 3560 Aldus
1516 3516 1816 3571 (Manutius)
1855 3515 2097 3577 Orthogr.
2140 3531 2186 3572 p.
2225 3530 2293 3561 m.
2336 3511 2452 3560 352.
2493 3528 2599 3559 voc.
2639 3513 2860 3558 FETiA-

366 3582 487 3627 Lis.
527 3581 831 3639 inveniesque
869 3585 960 3628 non
1000 3597 1058 3628 ex
1093 3586 1244 3640 Aldo,
1296 3588 1378 3630 sed
1417 3600 1475 3631 ex
1512 3588 1619 3631 aliis
1657 3588 1818 3631 datum
1854 3588 1902 3631 in
1938 3588 2079 3631 Grut.
2112 3583 2241 3640 396,
2283 3582 2331 3630 5.
2384 3590 2431 3629 et
2470 3581 2599 3639 397,
2644 3580 2725 3637 5.,
2779 3582 2858 3640 qui

367 3653 494 3697 idem
543 3653 664 3707 lapis
714 3657 801 3696 est.
875 3653 1090 3710 Utroque
1140 3657 1188 3698 in
1240 3656 1344 3700 loco
1392 3662 1547 3701 textus
1586 3656 1786 3702 Gruteri
1833 3657 1976 3702 habet
2010 3655 2303 3711 FET1AL1;
2368 3656 2450 3698 sed
2488 3659 2534 3698 et
2572 3659 2770 3710 utroque
2808 3653 2856 3696 in

366 3724 476 3766 loco
512 3724 651 3765 adest
683 3723 867 3777 notula,
913 3724 1174 3767 variantem
1212 3727 1328 3769 dans
1366 3727 1617 3771 lectionem
1653 3726 1949 3783 recubu
2000 3729 2256 3783 prioreque
2296 3727 2401 3770 loco
2438 3724 2602 3767 adiicit
2638 3721 2859 3779 lapidem

365 3791 544 3836 babere
592 3805 678 3847 per
728 3791 819 3845 C.,
878 3795 1001 3851 quod
1038 3794 1172 3838 valde
1207 3797 1391 3841 miror:
1461 3797 1572 3854 quia
1620 3797 1698 3853 qui
1749 3798 1953 3851 lapidem
1989 3797 2191 3850 viderit,
2261 3808 2401 3839 nemo
2442 3794 2506 3837 ibi
2544 3793 2855 3849 producitur;

365 3867 586 3920 quartum
632 3861 721 3907 hoc
772 3865 1038 3920 exemplum
1077 3857 1185 3912 τοῦ
1222 3862 1432 3909 Fetialis
1482 3868 1621 3910 index
1669 3867 1866 3910 Gruteri
1916 3867 2085 3911 tertius
2133 3879 2238 3908 voc.
2289 3862 2506 3906 Fet-cane
2554 3876 2646 3907 non
2696 3863 2857 3906 dedit:

365 3933 493 3977 dedit
539 3936 696 3975 aulem
745 3932 840 3977 ind.
884 3930 932 3977 3.
996 3948 1101 3981 voc.
1151 3930 1389 3992 Pontifex
1435 3931 1646 3979 Fetialis
1691 3933 1820 3988 396,
1870 3931 1917 3981 5.
1984 3932 2110 3989 397,
2159 3933 2207 3979 5.
2274 3930 2401 3986 364,
2453 3930 2499 3976 1.
2575 3934 2642 3976 Vt
2687 3933 2857 3976 eodem

337 4003 461 4047 sind.
507 3999 554 4046 3.
613 4001 807 4046 iunctim
849 4017 1035 4062 quoque
1079 4007 1217 4050 datur
1257 4002 1461 4047 sodalis
1507 4003 1717 4049 Fetialc's
1757 4002 1886 4058 457,
1939 4002 1991 4049 2.
2066 4005 2291 4063 Quintum
2340 4001 2535 4047 Gruteri
2587 4002 2857 4057 exemplum

362 4072 506 4116 modo
543 4073 702 4115 datum
739 4085 798 4115 ex
835 4072 933 4117 ind.
979 4070 1028 4118 3.
1079 4072 1317 4133 pontifex
1354 4070 1562 4118 Fetialis
1597 4070 1725 4128 364,
1775 4073 1817 4116 1.
1876 4074 2069 4118 dubium
2118 4078 2220 4119 est:
2279 4077 2328 4115 ut
2374 4071 2555 4117 videbis
2599 4086 2655 4116 ex
2694 4071 2858 4115 notula

360 4142 410 4184 b.
453 4142 565 4185 edit.
605 4155 704 4186 sec.
745 4141 886 4186 Grut.
919 4139 1047 4199 364,
1092 4145 1140 4190 1.
1184 4159 1232 4189 ι’.
1280 4139 1361 4188 16.
1403 4157 1498 4200 pro
1532 4140 1671 4187 FEC.
1712 4141 1927 4203 Pighius
1963 4142 2073 4187 ET.
2114 4140 2166 4187 C.
2208 4142 2270 4185 ab
2309 4140 2645 4185 emendate-ise
2680 4155 2851 4186 mana.

362 4216 515 4254 recte.
589 4211 837 4269 scaligero
888 4218 1045 4258 autem
1090 4214 1379 4277 Pontificem
1415 4212 1654 4256 fetialem
1702 4215 1779 4257 vel
1811 4210 2059 4264 Fecialem
2109 4227 2167 4256 ex
2208 4207 2333 4265 364,
2381 4211 2425 4255 1.
2479 4213 2576 4256 ind.
2620 4208 2667 4257 3.
2729 4211 2857 4257 danti

358 4281 496 4323 video
533 4281 796 4334 praeivisse
834 4275 1096 4339 Smetium,
1142 4287 1219 4343 qui
1258 4287 1304 4328 in
1342 4296 1430 4327 suo
1468 4283 1695 4341 siglarum
1735 4283 1887 4326 indice
1924 4284 2119 4326 dederat
2152 4278 2290 4325 FEC.
2323 4278 2418 4335 69,
2462 4278 2542 4326 13.
2590 4282 2745 4339 (quod
2784 4286 2859 4327 est

358 4363 523 4393 saxum
571 4348 766 4395 Gruteri
806 4346 934 4404 364,
978 4351 1024 4397 1.
1085 4354 1131 4398 in
1171 4356 1350 4400 Smetio
1391 4351 1483 4407 69,
1539 4349 1660 4405 13.)
1695 4348 1932 4410 fecialis.
2021 4353 2179 4410 Magis
2230 4350 2344 4395 mihi
2392 4352 2546 4407 placet
2591 4352 2648 4396 P.
2692 4353 2750 4396 P.
2792 4352 2852 4396 P.

357 4419 440 4474 (ut
476 4419 566 4463 tria
602 4419 661 4463 P.
702 4434 889 4477 quoque
938 4429 1304 4476 praecesserant
1351 4437 1491 4466 versu
1531 4419 1647 4476 14.)
1689 4422 1797 4466 ET.
1839 4422 1896 4466 C.
1939 4436 2080 4478 quam
2114 4423 2174 4466 P.
2214 4421 2273 4465 P.
2328 4421 2551 4465 Pontifex
2586 4421 2850 4465 fecialis:

357 4495 456 4532 tum
493 4503 550 4532 ne
589 4483 664 4532 hic
701 4495 881 4534 tantum
920 4491 1196 4548 insequatur
1232 4484 1358 4537 aliud
1396 4506 1597 4544 nomen,
1661 4494 1791 4535 nulla
1840 4493 2089 4537 interiecta
2138 4491 2306 4546 copula
2353 4493 2426 4535 vel
2480 4491 2711 4546 particula
2746 4492 2850 4536 ET.

353 4561 427 4603 vel
479 4558 676 4613 1TEM;
745 4563 842 4603 tum
893 4574 951 4604 ne
1000 4556 1076 4604 hic
1132 4568 1309 4606 tantum
1364 4564 1640 4619 insequatur
1692 4563 1816 4606 alius
1871 4574 2041 4606 carens
2095 4561 2437 4617 praenomine,
2506 4575 2649 4618 quum
2707 4562 2853 4607 ceteri

354 4643 521 4672 omnes
557 4629 792 4685 gaudeant
828 4643 916 4673 suo
956 4632 1152 4689 quisque
1190 4633 1516 4687 praenomine.
1593 4633 1722 4688 Quae
1751 4632 1840 4676 etsi
1867 4633 1931 4675 ita
1960 4632 2209 4685 existimo,
2250 4632 2373 4675 idem
2411 4636 2568 4675 tamen
2608 4632 2852 4685 existimo,

354 4700 477 4742 male
513 4697 684 4742 fecisse
724 4699 1044 4755 Hollbenum,
1093 4705 1168 4758 qui
1207 4701 1317 4746 Iud.
1349 4699 1398 4745 3.
1447 4716 1549 4745 voc.
1597 4698 1834 4760 Pontifex
1870 4700 2080 4745 Fetialc's
2119 4715 2343 4746 numeros
2381 4701 2612 4759 Scaligeri
2640 4697 2760 4755 364,
2807 4697 2852 4744 1.

352 4769 472 4813 bene
510 4781 561 4812 se
600 4766 827 4812 habentes
867 4771 970 4813 sine
1009 4773 1104 4814 ullo
1142 4774 1315 4816 indicio
1353 4772 1598 4815 omiserit:
1651 4771 1695 4814 id
1735 4773 1859 4828 quod
1904 4777 1950 4816 et
1986 4772 2100 4814 alibi
2141 4773 2186 4816 in
2225 4774 2300 4816 ed.
2341 4784 2437 4814 sec.
2480 4771 2709 4825 Gruteri,
2757 4775 2855 4813 tum

352 4839 398 4881 in
437 4842 593 4892 textu,
660 4843 754 4881 tum
793 4840 837 4882 in
875 4837 1107 4885 indicibus
1157 4844 1362 4897 factum,
1424 4847 1477 4885 nt
1525 4856 1617 4884 non
1667 4842 1949 4901 dignoscas,
2013 4855 2130 4898 qnae
2170 4841 2366 4886 Gruteri
2414 4841 2563 4884 editio
2613 4840 2855 4895 posterior
