3502 5487
1196 486 1761 551 EPIGRAPHICA.
1830 486 1879 542 1.
1921 485 1998 542 11.
2100 506 2111 516 ·
2520 496 2525 501 ’
2709 490 2815 546 527

245 668 248 669 ⁷
309 623 596 697 custodem
623 639 846 697 prorsus
879 626 1167 695 ignorant..
1208 617 1394 684 ⁴Haud
1428 617 1675 687 abludit,
1716 617 1864 691 quod
1898 623 1957 673 in
1994 614 2271 692 Hesycbio
2312 616 2517 691 legitur
2543 614 2817 697 Νεωρός,

310 716 749 797 νεωριοφύλαξ.
1828 710 1829 719 ’

459 812 564 865 Ex
615 808 1054 863 NEOFYLACE
1109 825 1209 880 pro
1261 804 1767 863 NEOPHYLACE
1811 802 2004 858 eadem
2043 804 2204 878 plane
2248 801 2527 857 scribendi
2564 808 2821 870 ratione,

309 920 417 976 qua
456 908 513 956 in
550 901 746 955 eodem
779 899 962 974 lapide
1001 905 1305 954 Veronensi
1344 916 1500 952 versu
1555 898 1999 972 antepenultimo
2043 896 2347 964 FILE‘rE,
2372 952 2379 957 ,
2405 897 2618 968 aliaque
2653 914 2813 950 cum-

307 1002 505 1072 primis
543 1012 573 1048 a
624 994 801 1058 Φίλος
840 992 1113 1060 derivata,
1165 993 1327 1066 longe
1368 993 1635 1064 plurima,
1693 988 1815 1048 ὅσα
1847 990 2044 1060 κόνις,
2083 990 2327 1071 eandeq
2361 990 2817 1062 orthographiam

307 1093 422 1148 τοῦ
458 1093 497 1143 F
529 1106 628 1162 pro
669 1089 767 1142 PH
812 1103 1050 1144 servant.
1125 1084 1250 1141 vid.
1300 1100 1437 1158 quae
1488 1090 1548 1138 in
1607 1090 2012 1139 commentario
2068 1083 2135 1138 ad
2174 1083 2417 1158 lapidem
2454 1085 2816 1151 Turicensem

309 1199 437 1258 pag.
472 1187 599 1240 575.
639 1179 789 1235 dedi.

464 1277 578 1330 Aut
620 1276 978 1328 vehementer
1019 1269 1213 1338 fallor,
1294 1288 1387 1326 ant
1441 1278 1499 1325 in
1549 1270 1738 1345 lapide
1791 1273 2111 1325 Ravennate
2172 1266 2313 1344 apud
2377 1270 2528 1324 Mur.
2577 1275 2718 1337 851,
2749 1273 2807 1329 6.

315 1386 498 1424 versus
539 1372 721 1439 quarti
751 1367 950 1420 lacuna
989 1368 1181 1419 eodem
1221 1366 1605 1438 Neophylacis
1641 1369 1865 1418 nomine
1905 1364 2110 1437 expleri
2147 1380 2203 1418 et
2241 1368 2503 1437 integrari
2546 1363 2738 1417 debet:

1042 1459 1472 1531 NeothLAx.
1554 1446 1693 1513 Ῑῖῑῑ.
1735 1458 2101 1512 FonTvNA.

466 1554 635 1610 Plura
676 1571 945 1627 exponere
984 1551 1311 1606 verecundia
1345 1550 1638 1625 prohibet,
1712 1570 1783 1604 ne
1838 1556 2016 1623 primo
2067 1552 2174 1604 hoc
2225 1551 2516 1605 literarum
2561 1569 2820 1607 mearum-

317 1648 470 1702 aditu
508 1648 775 1701 molestus
803 1651 973 1700 nimis
1009 1652 1146 1714 sim,
1190 1649 1463 1717 nimisque
1506 1650 1875 1717 importunus.
1952 1644 2116 1708 Vale,
2155 1644 2548 1699 inlustrissime
2578 1648 2815 1714 Comes,

316 1759 443 1796 cum
484 1743 694 1796 Achate
737 1756 832 1794 tuo
870 1739 1221 1794 nobilissimo
1263 1739 1691 1805 SEGVIERIO,
1736 1753 1791 1790 et
1832 1743 1893 1792 in
1927 1756 2115 1791 eorum
2153 1756 2243 1791 me
2271 1757 2503 1792 numero
2539 1745 2817 1807 existima,

317 1842 410 1909 qui
445 1851 535 1907 tua
573 1838 630 1886 in
671 1852 787 1887 rem
838 1832 1176 1900 literariam,
1241 1837 1482 1885 maxime
1541 1835 1939 1903 antiquariam,
2007 1818 2691 1905 merita'praeclarissima
2744 1852 2821 1887 ex,

315 1935 505 1981 animo
576 1932 908 1999 suspiciunt.
1020 1926 1074 1980 T
1097 1946 1132 1978 u
1158 1930 1336 1978 rici
1413 1925 1813 1981 Helvetiorum.
1919 1924 2064 1997 Ipsis
2126 1923 2316 1979 Idibus
2385 1926 2815 1982 Novembribus.

313 2023 756 2077 MDCCXLVII.

1217 2162 1915 2195 ..7...-.......................

1523 2308 1603 2367 ῙῙ.

1675 2414 1687 2424 N
2076 2425 2271 2475 Verona
2310 2423 2358 2474 ⁷.
2398 2423 2536 2474 Xbre
2579 2421 2733 2474 1747.
2768 2444 2773 2449 ·

629 2586 630 2589 Ἴ
1001 2518 1388 2576 Illustrissimo
1428 2540 1457 2575 e
1497 2519 1813 2575 dottissimo
1855 2517 2115 2592 Signore!

465 2614 594 2669 Non
643 2630 808 2687 posso
859 2611 976 2665 dire
1028 2633 1136 2668 con
1183 2631 1389 2686 quanto
1441 2620 1653 2688 piacere
1703 2614 1866 2666 abbia
1917 2618 2162 2666 ricevuto
2205 2611 2257 2664 la
2307 2627 2404 2666 sua
2440 2611 2804 2684 gentilissima

315 2705 544 2774 lettera,
582 2726 610 2762 e
646 2708 686 2760 il
722 2711 976 2782 prezioso
1011 2707 1196 2782 regalo
1234 2707 1321 2762 del
1361 2726 1458 2762 suo
1498 2707 1592 2761 bel
1629 2707 1795 2762 libro.
1876 2706 1948 2760 Di
1992 2721 2185 2777 questo
2215 2723 2328 2759 non
2368 2705 2441 2759 ho
2479 2704 2677 2760 veduto
2708 2724 2806 2759 au-

317 2817 449 2854 cora
486 2819 544 2854 se
583 2818 695 2853 non
744 2801 869 2872 que’
915 2800 1138 2872 luoghi,
1217 2804 1400 2855 ch‘era
1454 2805 1766 2855 necessario
1818 2820 1917 2875 per
1975 2799 2295 2874 rispondere
2330 2801 2376 2852 a’
2417 2805 2537 2852 suoi
2570 2804 2802 2871 quesiti,

314 2894 515 2967 perche
554 2895 627 2946 ho
663 2893 850 2948 voluto
889 2892 971 2947 far
1013 2899 1250 2968 risposta
1292 2896 1497 2950 subito.
1577 2896 1737 2949 Dalle
1790 2895 1970 2968 poche
2027 2898 2260 2967 pagine,
2318 2894 2421 2946 che
2456 2894 2530 2946 ho
2578 2881 2803 2960 vedute,

314 2990 390 3042 ho
430 2990 562 3061 pero
610 2988 859 3041 raccolto
892 3005 1099 3059 quanto
1146 2989 1251 3042 ella
1289 2991 1480 3062 peschi
1515 2987 1685 3042 fondo
1723 2989 1870 3042 nella
1898 2975 2258 3053 ’erudizione,
2315 3006 2344 3039 e
2378 2985 2435 3040 di
2474 3000 2679 3058 quanto
2717 2991 2804 3039 in-

251 3125 262 3126 e
313 3100 488 3155 gegno
529 3100 558 3135 e
598 3098 787 3155 sapere
836 3087 917 3135 sia
951 3081 1174 3136 fornita.
1209 3109 1214 3114 ’
1254 3085 1316 3135 Io
1356 3081 1522 3155 fuggo
1554 3083 1608 3134 le
1648 3079 2139 3154 corrispondenze,
2199 3100 2228 3133 e
2269 3083 2458 3153 percio
2496 3081 2591 3154 piu
2631 3085 2802 3134 amici

310 3175 385 3228 ho
429 3174 680 3248 perduti,
754 3193 844 3228 ma
883 3192 913 3229 a
952 3178 1042 3229 cio
1085 3180 1161 3229 mi
1208 3174 1463 3228 sforzano
1501 3176 1571 3249 gl’
1595 3181 1832 3250 impacci
1875 3175 1978 3228 che
2006 3176 2111 3241 ho,
2167 3192 2195 3226 e
2229 3173 2282 3225 la
2322 3172 2617 3226 debolezza
2655 3172 2801 3246 degli

311 3269 475 3321 occhi
507 3275 669 3335 miei,
709 3268 1052 3323 trovandomi
1088 3275 1145 3322 in
1175 3268 1262 3323 eta
1305 3268 1360 3322 di
1402 3274 1471 3331 73
1509 3274 1658 3322 anni.
1738 3270 1860 3321 Con
1900 3270 1995 3320 Lei
2031 3269 2164 3340 pero
2197 3271 2277 3319 mi
2318 3266 2437 3319 sara
2472 3283 2682 3339 sempre
2709 3283 2804 3320 ca-

312 3365 535 3414 rissimo
571 3379 695 3415 aver
736 3369 1124 3429 commercio,
1162 3354 1366 3436 purclie
1403 3339 1481 3416 nii
1530 3362 1619 3414 dia
1656 3360 1869 3415 licenza
1905 3360 1961 3414 di
2001 3361 2257 3415 scriverle
2299 3379 2394 3433 per
2433 3359 2569 3413 altra
2605 3357 2804 3431 mano,

311 3473 426 3507 non
468 3470 632 3507 senza
665 3471 803 3528 pena
849 3436 1141 3509 scrivendo
1177 3472 1367 3527 questa
1406 3455 1462 3508 di
1504 3474 1706 3530 pugne.

462 3548 526 3600 A’
573 3554 775 3618 quesiti
829 3547 898 3601 da
946 3549 1018 3602 lei
1072 3548 1281 3603 fattimi
1327 3548 1590 3624 rispondo
1648 3566 1757 3602 con
1795 3546 1993 3602 liberta
2032 3547 2174 3600 nelle
2211 3562 2363 3600 carte
2401 3562 2432 3598 a
2465 3561 2650 3619 paneg
2708 3563 2802 3600 ma

311 3645 391 3694 mi
418 3645 631 3714 riporto
663 3658 875 3714 sempre
902 3642 953 3693 al
984 3642 1229 3715 giudizio
1265 3660 1382 3697 suo.
1459 3641 1728 3696 Confesso
1769 3660 1875 3695 con
1914 3659 2165 3708 tessere,
2203 3641 2351 3693 cli'io
2387 3657 2501 3693 non
2540 3654 2666 3693 avea
2698 3659 2803 3696 no-

311 3739 444 3787 tizia
477 3731 617 3786 della
657 3750 754 3787 sua
788 3751 1055 3807 persona,
1106 3735 1175 3789 ne
1216 3753 1344 3789 avea
1383 3725 1617 3803 vetluto,
1667 3752 1876 3807 quanto
1916 3736 2020 3788 ella
2060 3735 2130 3787 ba
2169 3733 2298 3788 dato
2338 3740 2393 3788 in
2432 3732 2573 3786 luce.
2649 3735 2800 3789 Sono

312 3843 461 3881 stato
496 3846 593 3900 per
632 3832 772 3880 assai
814 3843 997 3900 tempo
1037 3829 1265 3882 lontano
1299 3829 1365 3882 da
1387 3834 1516 3902 ogni
1563 3828 1748 3883 studio
1790 3826 2146 3894 d'anticbita,
2231 3826 2661 3900 singolarmente
2701 3847 2802 3902 per

310 3917 523 3973 vederla
562 3925 618 3973 in
647 3925 773 3992 oggi
802 3923 846 3973 si
891 3921 1252 3975 maltrattata.
1326 3923 1454 3976 Non
1490 3931 1561 3976 so·
1588 3922 1822 3975 ch'altro
1849 3936 2102 3994 soggetto
2140 3924 2187 3973 si
2220 3925 2362 3974 trovi
2390 3935 2617 3993 capace,
2655 3925 2800 3977 com·

309 4013 412 4066 ella
455 4013 513 4079 ὲ,
571 4011 628 4066 di
667 4014 955 4081 risolvere,
998 4012 1053 4068 di
1112 4013 1431 4081 emendare,
1493 4001 1549 4068 'di
1593 4013 1854 4088 rradurre
1881 4016 1974 4067 un’
2020 4018 2282 4067 iscrizion
2327 4015 2510 4069 Greca
2542 4019 2602 4067 iu
2638 4021 2799 4071 versi.

308 4107 477 4179 Dopo
533 4106 809 4174 Fabretti,
886 4107 1091 4174 Torre,
1167 4126 1195 4160 e
1242 4109 1575 4161 Buonarroti
1619 4108 1932 4161 l’amichiui
1986 4113 2224 4181 giaceva.
2264 4106 2668 4162 ‘Montfaucon
2704 4127 2798 4164 era

309 4197 497 4265 dotto,
572 4217 663 4252 ma
705 4218 819 4262 non
864 4204 923 4253 in
971 4206 1151 4273 questi
1198 4202 1365 4274 studj.
1459 4204 1824 4255 Unicamente
1874 4202 1915 4254 il
1966 4201 2102 4274 Sgre
2147 4201 2418 4255 Annibale
2458 4201 2689 4257 Olivieri
2738 4203 2797 4260 di

305 4294 509 4346 Pesaro
555 4294 625 4345 ba
657 4306 915 4370 scoperto
956 4295 1187 4366 qualche
1222 4312 1385 4360 cosa,
1427 4295 1494 4348 ed
1529 4297 1598 4349 ha
1645 4300 1914 4367 ingeguo,
1953 4313 1982 4348 e
2024 4310 2215 4368 sapere
2255 4310 2372 4347 atto
2412 4311 2442 4345 a
2471 4311 2683 4367 queste.

456 4387 552 4441 Ma
598 4404 757 4440 come
807 4392 917 4439 mai
959 4389 1062 4440 ella
1100 4407 1214 4442 non
1266 4388 1295 4441 ὲ
1340 4406 1498 4463 presa
1549 4389 1617 4441 da
1672 4387 1939 4442 curiosita
1983 4386 2038 4441 di
2080 4386 2240 4466 veder
2278 4387 2520 4442 l'ltalia?
2592 4390 2796 4461 Creda,

306 4479 409 4533 ebe
450 4496 611 4532 senza
653 4479 847 4533 vedere
887 4481 938 4533 le
980 4487 1156 4555 pietre
1191 4482 1523 4549 medesime,
1578 4488 1626 4536 si
1661 4481 1813 4556 pa'rla
1857 4499 2073 4554 sempre
2104 4466 2204 4533 'all’
2240 4498 2458 4536 oscuro.
2536 4482 2616 4536 Lo
2651 4490 2801 4539 rico«

302 4588 471 4626 nosca
506 4578 564 4626 in
606 4575 893 4642 Reinesio,
943 4574 1108 4627 edin
1139 4575 1451 4642 Muratori,
1498 4577 1601 4629 che
1641 4594 1699 4629 se
1738 4576 1880 4630 bene
1920 4581 1979 4628 in
2019 4575 2210 4642 Italia,
2262 4574 2313 4628 le
2352 4577 2422 4629 ha
2461 4579 2594 4651 pero
2637 4598 2795 4651 prese

303 4683 444 4721 tutte
491 4665 558 4719 da
592 4667 825 4735 schede,
883 4687 917 4722 o
969 4668 1035 4721 da
1086 4668 1298 4723 lettere.
1379 4672 1446 4724 Se
1488 4669 1639 4723 verra
1675 4686 1704 4721 a
1740 4672 1994 4734 Verona,
2057 4674 2113 4722 io
2145 4670 2219 4721 Le
2260 4669 2401 4723 offro
2436 4687 2543 4724 una
2577 4673 2794 4745 piccoln

301 4777 491 4814 stanna
526 4766 585 4814 in
623 4766 736 4814 mia
790 4778 936 4817 casa.
1012 4762 1190 4816 Vedra
1224 4780 1333 4816 una
1370 4764 1648 4829 raccolta,
1689 4763 1792 4816 che
1831 4781 1901 4815 ne
1942 4764 2011 4815 ha
2049 4779 2213 4816 cento
2253 4761 2308 4816 di
2346 4765 2582 4820 Greche.
2659 4765 2790 4818 Sara

300 4856 546 4924 accolto,
615 4874 644 4909 e
677 4862 911 4921 servit03
969 4861 1351 4929 ragioneremo
1391 4874 1421 4910 a
1460 4863 1712 4931 placere,
1755 4856 1797 4909 il
1837 4856 1939 4922 che
1961 4854 2250 4910 scrivtndo
2274 4874 2389 4911 non
2421 4862 2471 4912 si
2515 4861 2625 4933 pub
2657 4857 2790 4910 fare.
