3502 5487
599 470 680 532 10
1096 464 1109 477 ⁶
1440 464 2246 533 PRAEFATIO.

590 661 715 722 que
761 637 1094 720 suspicor,
1141 635 1537 719 posthabitas
1583 656 1718 701 esse
1764 645 1945 699 certo
1990 634 2161 709 scien
2217 634 2523 701 eiusmodi
2569 635 2876 713 maxime,
2924 660 3082 721 quae

589 761 923 832 suspectae
989 762 1097 814 aut
1160 749 1433 812 ficticiae
1493 748 1749 813 omnino
1810 747 1960 811 mibi
2017 747 2226 837 visae,
2287 746 2536 811 minime
2592 759 2799 812 tamen
2844 750 3083 815 fraudis

589 883 868 944 operose
913 861 1215 947 redargui
1243 873 1672 935 mererentur-3
1719 860 1895 925 cuius
1934 861 2181 945 quidem
2208 859 2481 944 'generis
2519 862 2862 942 permultas
2893 884 3081 948 repe-

584 975 718 1038 rire
777 974 924 1037 licet
981 972 1045 1037 in
1101 972 1445 1048 Reinesio,
1517 972 1802 1057 Sponio,
1870 974 2223 1050 Fabretto,
2296 973 2511 1038 Gudio
2576 977 2944 1057 praesertim
3004 998 3082 1040 ac

588 1085 986 1161 Muratorio,
1039 1079 1379 1149 infaustum
1406 1086 1562 1149 illud
1603 1084 1862 1171 Ligorii
1906 1106 2160 1162 nomen,
2206 1087 2310 1149 vel
2354 1089 2724 1152 schedarum
2769 1111 2849 1153 ex
2893 1084 3079 1152 huius

587 1199 859 1263 hominis
905 1198 1254 1263 Thesauris
1302 1210 1745 1280 excerptarum
1804 1196 1982 1261 nimis
2042 1198 2394 1284 ambiguam
2441 1201 2878 1279 auctoritatem
2923 1223 3075 1283 prae

580 1333 651 1375 se
709 1312 1014 1375 ferentes.
1154 1309 1468 1375 Conferat
1535 1310 1685 1374 mibi
1742 1309 2000 1394 aliquis,
2090 1310 2142 1374 si
2206 1312 2417 1394 placet
2474 1324 2538 1375 et
2605 1325 2820 1388 vacat,
2899 1316 3076 1411 Spop

582 1425 796 1490 Misc.
832 1444 901 1506 p.
935 1422 1038 1500 90,
1076 1425 1138 1485 1.
1181 1434 1243 1486 et
1283 1425 1428 1500 181,
1456 1424 1545 1501 3.,
1582 1444 1739 1509 quo,
1776 1423 1929 1508 quid
1956 1423 2324 1509 significem,
2360 1425 2814 1511 intelligats—
2858 1429 3080 1491 Incre-

583 1537 775 1600 dibile
824 1547 1031 1599 autem
1077 1546 1210 1612 est,
1278 1547 1428 1619 post
1462 1547 1562 1599 tot
1603 1535 1971 1599 criticorum
2011 1558 2195 1599 curas
2234 1550 2533 1621 quantum
2574 1524 2640 1602 in*
2673 1551 2806 1602 arte
2859 1538 3080 1603 critica

585 1647 890 1731 lapidaria
933 1648 1387 1731 perficiendum
1434 1649 1640 1711 adbuc
1680 1660 2023 1711 remaneat.
2141 1649 2281 1713 Mei
2329 1650 2579 1734 quidem
2625 1650 2872 1716 consilii
2917 1663 3078 1713 tam-

583 1760 705 1824 etsi
743 1760 1229 1851 haudquaquam
1266 1772 1402 1823 erat
1424 1805 1442 1836 ,
1490 1772 1562 1824 ut
1600 1760 2043 1844 deditaopera
2081 1752 2531 1847 investigarem
2567 1775 2629 1826 et
2658 1774 2973 1846 suspecta,
3015 1774 3078 1826 et

580 1873 922 1937 manifesto
981 1873 1452 1950 commenticia,
1515 1886 1757 1951 tamen,
1817 1873 2178 1959 ubicunque
2237 1887 2665 1957 opportunum
2716 1877 3070 1950 videbatur,

588 1986 812 2071 sedulo
855 1986 1075 2050 notavi
1121 2007 1227 2064 ea,
1280 2008 1440 2071 quae
1476 1986 1576 2049 his
1608 1998 1822 2049 essent
1854 1988 2354 2062 adnumeranda3
2399 1988 2592 2072 longe
2624 1986 2837 2071 utique
2860 1988 3068 2069 plura,

586 2120 775 2183 quam
842 2101 921 2161 ab
978 2097 1113 2162 aliis
1174 2110 1317 2162 ante
1375 2111 1518 2162 sunt
1575 2099 2047 2174 animadversa,
2119 2081 2252 2162 non
2293 2098 2429 2162 sine
2474 2098 2717 2163 idoneis
2760 2099 2962 2163 causis
3007 2099 3073 2162 iu

580 2210 1005 2293 suspicionem
1043 2213 1388 2275 adducens.
1478 2214 1605 2275 Sed
1641 2212 1974 2294 complura
2011 2209 2389 2289 huiusmodi,
2429 2223 2498 2275 ut
2530 2211 2844 2294 praedixi,
2883 2231 3073 2294 prae-

576 2323 775 2387 terire
833 2322 1026 2387 satius
1086 2323 1262 2390 duxi.
1364 2324 1628 2406 Spurias
1685 2325 1980 2389 consulto
2037 2336 2365 2406 receptas,
2441 2323 2747 2388 asterisco
2791 2323 3067 2408 signavi,

578 2438 807 2521 Neque
853 2458 1019 2500 nunc
1060 2448 1130 2499 ut
1174 2434 1328 2501 novi
1373 2415 1437 2501 et
1479 2458 1770 2500 verarum
1811 2435 2291 2518 inscriptionum
2339 2456 2698 2500 sermonem
2747 2435 3066 2499 sincerum

575 2548 899 2634 iustasque
929 2548 1261 2626 formulas,
1313 2561 1376 2613 et
1405 2548 1907 2635 Ligorianarum
1953 2558 2142 2633 atque
2186 2546 2479 2611 similium
2528 2551 2608 2611 ab
2640 2547 2776 2611 aliis
2804 2549 3071 2612 fraudu·

574 2660 760 2725 lentis
819 2661 1240 2726 nebulonibus
1298 2662 1712 2727 confictarum
1771 2661 2129 2725 universam
2174 2661 2480 2725 rationem
2527 2672 2591 2725 et
2632 2659 3061 2735 auctoritates,

576 2774 817 2860 magnis
863 2775 1349 2839 collectionibus
1395 2779 1605 2867 denuo
1646 2767 2045 2857 perlustratis
2086 2777 2162 2837 de
2195 2773 2458 2858 singulis
2485 2774 2624 2837 fere
2652 2772 3067 2856 pronuntiare

576 2889 1004 2969 desperarim,
1066 2899 1279 2949 utrum
1324 2869 1489 2949 inter
1532 2898 1778 2960 certas,
1843 2907 1920 2948 an
1964 2896 2322 2968 suspectas,
2391 2884 2929 2966 interpolatasne,
2990 2906 3068 2948 an

572 3019 842 3082 prorsus
889 2997 1355 3062 commenticias
1401 3000 1524 3062 sint
1565 2998 1978 3063 referendae:
2046 2999 2204 3061 haec
2261 2997 2423 3061 enim
2487 3009 2786 3081 quattuor
2832 3017 3069 3081 genera

571 3109 1027 3175 constituamus
1070 3131 1331 3174 necesse
1377 3122 1497 3187 est,
1556 3111 1675 3174 nisi
1720 3124 1828 3175 aut
1872 3110 2051 3174 nimis
2090 3110 2333 3173 creduli
2369 3130 2621 3185 sumus,
2670 3122 2775 3173 aut
2820 3130 3061 3186 omnes,

570 3243 735 3307 quae
795 3220 1248 3286 dubitationem
1323 3224 1594 3308 aliquam
1672 3225 1861 3287 nobis
1936 3224 2242 3300 afferunt,
2326 3221 2583 3286 omniuo
2647 3221 3066 3303 repudiandas

568 3356 1008 3418 praepropere
1085 3357 1433 3399 censemus.
1549 3341 1956 3420 Suspecta-5,
2034 3358 2192 3420 quas
2259 3335 2392 3420 ego
2452 3333 2634 3409 dico,
2711 3333 2868 3396 alius
2924 3333 3065 3397 ido-

570 3448 705 3511 neis
736 3447 1124 3533 argumentis
1155 3469 1302 3512 usus
1335 3450 1443 3512 ubi
1474 3449 1859 3524 defenderit,
1920 3460 1983 3512 et
2024 3447 2146 3529 ipsi
2189 3459 2249 3510 et
2296 3444 2655 3529 disciplinae
2700 3444 3067 3531 epigraphi-

568 3582 681 3624 cae
744 3560 917 3624 ultro
990 3560 1616 3645 congratulabimur3
1695 3560 2165 3626 commenticias
2238 3579 2396 3643 quas
2471 3556 3060 3632 demonstravimus,

542 3677 889 3756 ''nutuquam
934 3657 1116 3737 nobis
1160 3684 1231 3736 ut
1272 3684 1586 3756 tamquam
1634 3694 1825 3736 verae
1887 3674 2348 3747 obtrudantur,
2415 3671 2752 3753 patiemur.
2840 3669 3067 3733 Absti-

572 3785 681 3847 nui
723 3796 1093 3868 praeterea,
1143 3796 1452 3869 quatenus
1496 3806 1668 3848 meae
1713 3785 2002 3848 sinebant
2043 3785 2343 3861 rationes,
2394 3805 2428 3846 a
2475 3783 2784 3865 lapidibus
2830 3780 3064 3844 mutilis

571 3896 880 3982 nimisque
938 3896 1296 3979 corruptis,
1359 3896 1477 3961 etsi
1519 3908 1792 3981 propter
1835 3918 2025 3961 unum
2070 3897 2419 3960 alterumve
2463 3894 2842 3960 vocabulum
2888 3892 3065 3978 digni

571 4020 783 4071 essent
827 4009 1403 4102 animadversione.

740 4123 868 4183 Sed
912 4133 1232 4207 utcunque
1280 4143 1352 4185 ea
1396 4123 1473 4185 de
1516 4143 1587 4184 re
1632 4120 1968 4185 iudicatum
2015 4122 2249 4195 fuerit,
2310 4120 2375 4183 id
2419 4120 2636 4183 saltem
2680 4123 3065 4183 contendere

569 4235 795 4309 liceat,
860 4233 1250 4319 antiquarios
1297 4232 1907 4319 grammaticosque,
1971 4233 2026 4297 si
2065 4232 2179 4318 qui
2223 4232 2581 4317 diligentius
2613 4233 2794 4295 ⁴hunc
2834 4232 3063 4294 librum

570 4346 925 4422 versarint,
1000 4347 1151 4412 satis
1207 4347 1610 4429 probabilem
1670 4365 1886 4410 earum
1947 4367 2159 4418 rerum
2218 4342 2652 4428 cognitionem
2712 4345 2856 4408 sore
2914 4363 3065 4424 per-

570 4463 897 4541 cepturos,
934 4481 1093 4543 quae
1123 4481 1204 4522 ex
1227 4459 1477 4522 Latinis
1516 4449 2030 4542 inscriptionibus
2067 4455 2351 4521 condisci
2388 4469 2696 4538 possunt3
2744 4466 2850 4517 aut
2892 4463 3064 4516 certe

568 4571 868 4665 uberiore
916 4591 1055 4632 cum
1103 4572 1319 4634 fructu
1364 4568 2137 4656 magnis-collectionibus
2181 4568 2590 4653 perlegendis
2639 4567 3064 4631 aestimandis-

567 4706 690 4768 que
738 4705 1001 4765 operam
1047 4685 1453 4767 postmodum
1499 4686 1758 4747 daturos
1807 4703 1967 4745 esse.
2929 4754 2936 4761 ,

745 4797 940 4875 Quod
1008 4795 1058 4857 si
1126 4795 1280 4858 nibil
1348 4795 1515 4858 aliud
1581 4794 2069 4879 praestitissem,
2149 4795 2252 4857 vel
2318 4795 2444 4860 boc
2509 4806 2716 4855 tamen
2782 4790 3066 4853 sufficere
