3502 5487
631 471 714 531 m
1476 463 2282 555 PRAEFATIQ

628 648 884 701 mortuo
930 636 1319 709 Hauboldo,
1374 634 1779 718 impatienter
1836 646 2274 717 exspectamus
2335 656 2371 701 a
2414 638 2762 722 Borghesii
2805 651 2870 704 et
2912 640 3125 726 Cape-

628 751 807 835 ssguii
849 749 1176 813 sollertia:
1224 746 1455 811 seriem
1498 747 1742 830 pariter
1787 748 2279 812 Praefectorum
2325 750 2490 813 Urbi
2533 749 2826 815 intactam
2865 753 3121 839 reliqui.

627 899 707 912 --
756 862 919 927 Cum
959 861 1131 924 civili
1170 873 1378 924 autem
1414 858 1683 923 historia
1720 858 1942 922 intima
1980 862 2247 944 quadam
2293 862 2750 926 necessitudine
2788 864 3123 929 coniuncta

625 986 761 1038 erat
817 973 1135 1048 literaria,
1201 972 1378 1035 cuius
1424 973 1739 1054 specimen
1784 972 1935 1035 satis
1982 973 2293 1054 amplum,
2355 972 2737 1054 historicos,
2801 989 3120 1054 oratores,

624 1086 1075 1170 philosophos,
1124 1088 1377 1167 poe'taS,
1426 1083 1651 1162 ICtos,
1700 1086 1994 1149 rhetores
2039 1096 2103 1147 et
2148 1085 2594 1169 grammaticos
2638 1087 2699 1150 in
2736 1089 2907 1152 saxis
2952 1092 3119 1154 cele-

625 1202 852 1263 bratos
898 1198 1324 1280 complectens
1360 1196 1748 1285 composui,
1818 1197 1942 1273 ita,
2005 1209 2071 1259 ut
2114 1199 2242 1260 hoc
2286 1198 2533 1282 quidem
2576 1199 2639 1262 in
2686 1221 2921 1287 genere
2965 1202 3121 1266 nihil

623 1313 761 1376 fere
799 1311 1215 1374 desideretur.
1306 1310 1554 1390 Quibus
1584 1308 1987 1392 pertractatis
2025 1313 2500 1393 procedendum
2540 1324 2697 1390 erat,
2735 1314 2990 1397 opinor,
3041 1319 3120 1378 ad

621 1425 967 1508 religiones
1031 1444 1264 1507 resque
1316 1444 1529 1484 sacras
1588 1422 2030 1496 illustrandas;
2091 1425 2268 1506 quod
2311 1423 2753 1508 gravissimum
2799 1439 2990 1510 caput
3031 1433 3134 1497 ita,

621 1536 839 1612 divisi,
914 1546 984 1598 ut
1040 1535 1103 1597 in
1161 1534 1381 1618 priore
1438 1548 1619 1618 parte
1677 1556 2110 1599 enumerarem
2165 1534 2374 1617 primo
2432 1537 2613 1601 Deos
2674 1541 3115 1604 Romanorum

616 1649 897 1733 patrios,
950 1660 1138 1731 atque
1184 1669 1220 1710 a
1255 1649 1416 1711 Iove
1442 1669 1726 1712 exorsus
1764 1669 1881 1729 per
1921 1650 2156 1731 gradus
2193 1651 2272 1711 ad
2309 1650 2602 1731 Eponam
2641 1631 3117 1739 Mephitimque

621 1763 1107 1835 descenderem,
1157 1772 1288 1823 tum
1334 1781 1494 1825 vero
1539 1758 2308 1842 Italorum'municipales
2351 1761 2556 1839 Deos,
2606 1775 2668 1827 et
2709 1766 3115 1850 peregrinos,

617 1875 681 1937 id
726 1886 823 1937 est
864 1874 1185 1947 Asiaticos
1232 1884 1295 1936 et
1336 1873 1807 1958 Aegyptiacos,
1857 1893 1997 1935 cum
2044 1871 2695 1955 illisfconsociarem,
2747 1880 3120 1962 tandemque

618 1987 971 2051 desinerem
1030 1985 1096 2048 in
1159 1985 1461 2061 Gallicis,
1526 1985 1936 2068 Hispanicis,
1997 1983 2128 2048 eius
2197 1985 2449 2070 generis
2510 1987 2643 2050 aliis
2689 1990 3119 2073 anquirendis.

619 2100 765 2180 Qua
806 2097 1081 2182 quidem,
1124 2098 1186 2160 in
1246 2120 1357 2176 re,
1437 2098 1556 2161 etsi
1599 2110 1842 2162 eertum
1892 2100 2200 2181 quendam
2245 2119 2318 2161 ac
2359 2098 2658 2163 facillime
2705 2099 2932 2184 cuique
2968 2123 3120 2185 per-

616 2211 978 2294 cipiendum
1025 2210 1313 2274 ordinem
1355 2210 1635 2288 servavi,
1685 2213 1895 2294 probe
1934 2222 2160 2273 tamena
2190 2213 2351 2287 scio,
2399 2213 2568 2273 haud
2603 2212 2964 2291 defuturos,
3012 2213 3122 2298 qui

616 2347 759 2388 eum
802 2323 1034 2386 acriter
1076 2323 1202 2385 sint
1228 2322 1740 2405 ¹reprehensuri,
1790 2336 2106 2407 tamquam
2146 2344 2352 2407 neque
2391 2326 2731 2388 obscurum
2770 2325 2956 2401 satis,
3005 2346 3125 2389 nec

617 2437 906 2519 ipsorum
970 2434 1379 2518 opinionibus
1438 2435 1957 2510 convenientem3
2025 2456 2188 2519 quos
2232 2435 2522 2520 equidem
2565 2457 2685 2501 suo
2727 2435 2958 2501 iudicio
2992 2437 3124 2501 frui

620 2570 826 2634 aequo
851 2548 1059 2612 animo
1088 2548 1320 2632 patiar.
1369 2548 1732 2631 Simplicem
1758 2560 1963 2611 tamen
1992 2568 2112 2631 per
2139 2546 2497 2626 lectionem,
2539 2549 2642 2612 vel
2672 2549 2727 2613 si
2753 2551 2912 2612 haec
2940 2549 3122 2613 nimis

616 2660 1182 2738 fuerit-taediosa,
1254 2660 1524 2724 indicum
1572 2673 1745 2725 certe
1792 2660 2068 2738 auxili0,
2131 2680 2295 2746 quae
2338 2659 2459 2739 sibi
2503 2682 2758 2747 quoque
2802 2661 2925 2725 sint
2965 2682 3122 2746 pro-

617 2773 834 2837 futura
860 2819 877 2848 ,
926 2775 1160 2856 passim
1193 2775 1554 2856 reperient:
1603 2772 2150 2857 meminerintque,
2198 2795 2463 2857 quaeso,
2513 2774 2721 2838 locum
2750 2774 2856 2837 hic
2881 2775 3120 2837 nullum

612 2883 837 2962 fuisse,
895 2906 1102 2969 neque
1133 2905 1337 2948 novae
1369 2897 1653 2948 veterum
1685 2883 2072 2968 religionum
2103 2884 2432 2949 doctrinae
2466 2889 2828 2949 condendae
2851 2930 2868 2961 ‚
2910 2906 3120 2970 neque

616 2997 771 3080 ipsis
816 2996 1193 3060 assentandi.
1286 2995 1612 3078 Simplicia
1662 2998 1991 3060 dumtaxat
2032 3017 2151 3061 nos
2201 3008 2554 3074 sectamur,
2623 2996 2997 3066 testimoniis
3055 3009 3120 3061 et

620 3110 1010 3195 argumentis
1057 3108 1297 3173 idoneis
1342 3108 1580 3193 ubique
1621 3108 1894 3185 firmata,
1942 3109 2114 3172 clara
2159 3119 2350 3194 atque
2378 3122 2591 3184 certa;
2637 3130 2802 3195 quae
2831 3109 2929 3172 his
2961 3131 3120 3175 con-

616 3222 810 3286 traria
869 3234 1046 3298 sunt,
1122 3221 1334 3284 stultis
1399 3233 1463 3284 et
1503 3221 1771 3285 incautis
1830 3219 2176 3296 mirabilia,
2245 3221 2433 3287 nobis
2477 3244 2792 3328 nunquam
2843 3223 2987 3299 fiet,
3048 3233 3120 3286 ut

618 3336 949 3418 placeant;
1013 3337 1365 3418 eodemque
1411 3335 1659 3398 tandem
1724 3354 1985 3410 omnes,
2046 3355 2281 3417 spero,
2341 3333 2728 3397 inclinabunt
2769 3333 3114 3419 philologi,
3203 3369 3208 3376 -

522 3505 525 3512 Α
616 3448 728 3511 ubi
776 3447 1041 3512 inanitas
1085 3447 1457 3531 vanitasque
1509 3445 1982 3525 doctrinarum,
2045 3467 2204 3532 quae
2246 3468 2414 3510 nuuc
2457 3423 2910 3524 invaluerunt,
2967 3445 3116 3509 satis

621 3560 747 3625 erit
788 3563 1244 3625 demonstrata.

790 3671 989 3739 Simili
1035 3671 1258 3735 deinde
1288 3671 1537 3736 ratione
1568 3682 1856 3735 versatus
1889 3693 2027 3735 sum
2056 3669 2121 3735 in
2165 3670 2570 3749 sacerdotiis,
2620 3682 2890 3755 totoque
2932 3669 3129 3733 cultu-

619 3786 839 3868 divino
895 3785 1167 3870 lapidum
1227 3784 1604 3849 adminiculo
1668 3761 2094 3858 illustra⁸ndis3
2168 3783 2540 3869 quibuscum
2591 3795 2725 3849 arte
2769 3784 3115 3847 cohaerent

617 3899 820 3964 omnis
867 3897 1119 3984 generis
1166 3897 1336 3973 ludi,
1383 3897 1785 3980 spectacula,
1846 3896 2214 3960 certamina.

786 4011 1095 4092 Quartam
1154 4009 1450 4091 deinceps
1500 4028 1714 4071 rerum
1780 4010 2213 4074 Romanarum
2261 4008 2489 4072 seriem
2542 4007 2759 4072 exorsi
2810 4030 3022 4072 sumus
3077 4031 3112 4071 a

615 4121 1054 4196 matrimonio,
1113 4125 1326 4204 quod,
1374 4120 1660 4207 quamvis
1708 4124 1787 4182 ad
1832 4120 2025 4184 vitam
2071 4120 2477 4183 domesticam
2507 4119 2881 4206 civilemque
2909 4121 3110 4205 magis

615 4235 1000 4319 pertineret,
1045 4255 1082 4295 a
1120 4231 1517 4298 caerimoniis
1555 4245 1763 4295 tamen
1791 4231 2081 4297 Deorum
2112 4231 2561 4297 immortalium
2590 4234 2762 4296 haud
2789 4243 2953 4297 esset
2984 4233 3111 4296 dis-

614 4350 935 4440 iunetum3
980 4357 1208 4429 utpote
1246 4348 1446 4430 quod,
1489 4344 1866 4434 Modestino
1905 4355 2193 4420 auctore,
2244 4343 2438 4408 divini
2476 4357 2539 4408 et
2568 4345 2821 4409 humani
2848 4342 3001 4408 iuris
3032 4344 3116 4407 sit

616 4458 1143 4532 communicatio;
1174 4456 1384 4520 varias
1412 4469 1641 4544 ppstea
1662 4456 2155 4521 necessitudines
2181 4478 2215 4519 e
2243 4456 2477 4538 nuptiis
2503 4469 2702 4533 ortas,
2732 4479 2806 4520 ac
2832 4455 3108 4531 nomina,

617 4593 891 4658 quorum
925 4569 1235 4654 perplexa
1258 4589 1446 4651 saepe
1471 4567 1635 4633 ratio
1663 4591 1744 4632 ex
1774 4567 2296 4651 inscriptionibus
2327 4570 2498 4633 haud
2529 4569 2834 4632 minimam
2865 4579 3111 4649 partem

588 4683 997 4767 ·explicatur,
1031 4703 1247 4745 sumus
1274 4679 1620 4765 persecuti.
1711 4681 1891 4761 Quae
1923 4681 2133 4745 omnia
2169 4705 2360 4767 quum
2393 4686 2473 4746 ad
2508 4683 2828 4767 ingenuos
2855 4679 3115 4763 potissi-

618 4818 785 4860 mum
807 4805 1197 4880 spectarent,
1244 4792 1418 4857 servi
1440 4791 1649 4856 statim
1677 4805 1744 4878 ut
1767 4794 1862 4857 his
1888 4808 2395 4876 opponerentur,
2422 4806 2558 4859 erat
2581 4806 3066 4859 consentaneum
3098 4816 3114 4869 ;
