<?xml version="1.0" encoding="UTF-8"?>
<!DOCTYPE html PUBLIC "-//W3C//DTD XHTML 1.0 Transitional//EN"
    "http://www.w3.org/TR/xhtml1/DTD/xhtml1-transitional.dtd">
<html xmlns="http://www.w3.org/1999/xhtml" xml:lang="en" lang="en">
 <head>
  <title>
</title>
<meta http-equiv="Content-Type" content="text/html;charset=utf-8" />
  <meta name='ocr-system' content='tesseract 3.04.00' />
  <meta name='ocr-capabilities' content='ocr_page ocr_carea ocr_par ocr_line ocrx_word'/>
</head>
<body>
  <div class='ocr_page' id='page_1' title='image "./inscriptionvmla02unkngoog_0014.png"; bbox 0 0 3502 5487; ppageno 0'>
   <div class='ocr_carea' id='block_1_1' title="bbox 594 412 2303 529">
    <p class='ocr_par' dir='ltr' id='par_1_1' title="bbox 594 412 2303 529">
     <span class='ocr_line' id='line_1_1' title="bbox 594 412 2303 529; baseline -0.004 -3"><span class='ocrx_word' id='word_1_1' title='bbox 594 412 737 529; x_wconf 57' lang='lat' dir='ltr'>aa</span> <span class='ocrx_word' id='word_1_2' title='bbox 1277 432 1299 454; x_wconf 84' lang='lat'><strong>‘</strong></span> <span class='ocrx_word' id='word_1_3' title='bbox 1501 456 2303 527; x_wconf 70' lang='lat' dir='ltr'><strong>PRAEFATIQ</strong></span> 
     </span>
    </p>
   </div>
   <div class='ocr_carea' id='block_1_2' title="bbox 645 606 3186 716">
    <p class='ocr_par' dir='ltr' id='par_1_2' title="bbox 645 606 3186 716">
     <span class='ocr_line' id='line_1_2' title="bbox 645 606 3186 716; baseline -0.001 -20"><span class='ocrx_word' id='word_1_4' title='bbox 645 654 824 696; x_wconf 88' lang='lat' dir='ltr'>suam</span> <span class='ocrx_word' id='word_1_5' title='bbox 912 634 1213 716; x_wconf 85' lang='lat' dir='ltr'>quodque</span> <span class='ocrx_word' id='word_1_6' title='bbox 1300 631 1565 694; x_wconf 78' lang='lat' dir='ltr'>classem</span> <span class='ocrx_word' id='word_1_7' title='bbox 1647 630 1920 693; x_wconf 84' lang='lat' dir='ltr'>relatum</span> <span class='ocrx_word' id='word_1_8' title='bbox 2004 649 2232 712; x_wconf 86' lang='lat' dir='ltr'>magna</span> <span class='ocrx_word' id='word_1_9' title='bbox 2303 650 2443 693; x_wconf 88' lang='lat' dir='ltr'>eum</span> <span class='ocrx_word' id='word_1_10' title='bbox 2507 627 2811 694; x_wconf 78' lang='lat' dir='ltr'>facilitate</span> <span class='ocrx_word' id='word_1_11' title='bbox 2884 606 3186 695; x_wconf 81' lang='lat' dir='ltr'>inveniri</span> 
     </span>
    </p>
   </div>
   <div class='ocr_carea' id='block_1_3' title="bbox 650 756 3148 942">
    <p class='ocr_par' dir='ltr' id='par_1_3' title="bbox 650 756 3148 942">
     <span class='ocr_line' id='line_1_3' title="bbox 650 756 1428 828; baseline 0.012 -22"><span class='ocrx_word' id='word_1_12' title='bbox 650 756 864 828; x_wconf 86' lang='lat' dir='ltr'>queat.</span> <span class='ocrx_word' id='word_1_13' title='bbox 1423 810 1428 815; x_wconf 90' lang='lat'><strong>.</strong></span> 
     </span>
     <span class='ocr_line' id='line_1_4' title="bbox 813 852 3148 942; baseline 0 -21"><span class='ocrx_word' id='word_1_14' title='bbox 813 855 1016 921; x_wconf 87' lang='lat' dir='ltr'>Cuius</span> <span class='ocrx_word' id='word_1_15' title='bbox 1053 856 1307 942; x_wconf 82' lang='lat' dir='ltr'>quidem</span> <span class='ocrx_word' id='word_1_16' title='bbox 1356 854 1611 940; x_wconf 84' lang='lat' dir='ltr'>generis</span> <span class='ocrx_word' id='word_1_17' title='bbox 1656 855 1719 918; x_wconf 91' lang='lat' dir='ltr'>in</span> <span class='ocrx_word' id='word_1_18' title='bbox 1760 855 2094 919; x_wconf 78' lang='lat' dir='ltr'><strong>thesauros</strong></span> <span class='ocrx_word' id='word_1_19' title='bbox 2129 857 2407 918; x_wconf 84' lang='lat' dir='ltr'>nondum</span> <span class='ocrx_word' id='word_1_20' title='bbox 2435 853 2746 917; x_wconf 89' lang='lat' dir='ltr'>illatarum</span> <span class='ocrx_word' id='word_1_21' title='bbox 2780 852 3148 940; x_wconf 90' lang='lat' dir='ltr'>inscriptio-</span> 
     </span>
    </p>
   </div>
   <div class='ocr_carea' id='block_1_4' title="bbox 3487 15 3497 1021">
    <p class='ocr_par' dir='ltr' id='par_1_4' title="bbox 3487 15 3497 1021">
     <span class='ocr_line' id='line_1_5' title="bbox 3487 15 3497 1021; baseline 0 0"><span class='ocrx_word' id='word_1_22' title='bbox 3487 15 3497 1021; x_wconf 95' lang='lat' dir='ltr'> </span> 
     </span>
    </p>
   </div>
   <div class='ocr_carea' id='block_1_5' title="bbox 646 966 3291 1054">
    <p class='ocr_par' dir='ltr' id='par_1_5' title="bbox 646 966 3291 1054">
     <span class='ocr_line' id='line_1_6' title="bbox 646 966 3291 1054; baseline 0 -22"><span class='ocrx_word' id='word_1_23' title='bbox 646 992 797 1034; x_wconf 85' lang='lat' dir='ltr'>num</span> <span class='ocrx_word' id='word_1_24' title='bbox 844 972 1123 1054; x_wconf 81' lang='lat' dir='ltr'>quintam</span> <span class='ocrx_word' id='word_1_25' title='bbox 1167 970 1369 1033; x_wconf 78' lang='lat' dir='ltr'>ferme</span> <span class='ocrx_word' id='word_1_26' title='bbox 1412 980 1655 1050; x_wconf 90' lang='lat' dir='ltr'>partem</span> <span class='ocrx_word' id='word_1_27' title='bbox 1700 988 1876 1032; x_wconf 90' lang='lat' dir='ltr'>meae</span> <span class='ocrx_word' id='word_1_28' title='bbox 1914 966 2314 1033; x_wconf 85' lang='lat' dir='ltr'>collectionis</span> <span class='ocrx_word' id='word_1_29' title='bbox 2352 967 2497 1030; x_wconf 81' lang='lat' dir='ltr'>sore</span> <span class='ocrx_word' id='word_1_30' title='bbox 2538 970 2866 1049; x_wconf 85' lang='lat' dir='ltr'>spondeo;</span> <span class='ocrx_word' id='word_1_31' title='bbox 2915 991 3038 1052; x_wconf 90' lang='lat' dir='ltr'>qua</span> <span class='ocrx_word' id='word_1_32' title='bbox 3072 972 3148 1032; x_wconf 88' lang='lat' dir='ltr'>de</span> <span class='ocrx_word' id='word_1_33' title='bbox 3201 1012 3210 1015; x_wconf 34' lang='lat' dir='ltr'><em>r</em></span> <span class='ocrx_word' id='word_1_34' title='bbox 3284 1032 3291 1042; x_wconf 80' lang='grc'><em>,</em></span> 
     </span>
    </p>
   </div>
   <div class='ocr_carea' id='block_1_6' title="bbox 535 1078 3254 4877">
    <p class='ocr_par' dir='ltr' id='par_1_6' title="bbox 634 1078 3147 1727">
     <span class='ocr_line' id='line_1_7' title="bbox 640 1078 3147 1164; baseline 0.001 -20"><span class='ocrx_word' id='word_1_35' title='bbox 640 1102 715 1145; x_wconf 91' lang='lat' dir='ltr'>re</span> <span class='ocrx_word' id='word_1_36' title='bbox 754 1081 954 1145; x_wconf 88' lang='lat' dir='ltr'>cuivis</span> <span class='ocrx_word' id='word_1_37' title='bbox 994 1084 1344 1158; x_wconf 78' lang='lat' dir='ltr'>constabit,</span> <span class='ocrx_word' id='word_1_38' title='bbox 1417 1080 1527 1145; x_wconf 89' lang='lat' dir='ltr'>ubi</span> <span class='ocrx_word' id='word_1_39' title='bbox 1584 1080 1691 1144; x_wconf 89' lang='lat' dir='ltr'>vel</span> <span class='ocrx_word' id='word_1_40' title='bbox 1735 1080 2001 1145; x_wconf 89' lang='lat' dir='ltr'>indicem</span> <span class='ocrx_word' id='word_1_41' title='bbox 2046 1080 2360 1144; x_wconf 89' lang='lat' dir='ltr'>librorum</span> <span class='ocrx_word' id='word_1_42' title='bbox 2404 1092 2556 1162; x_wconf 90' lang='lat' dir='ltr'>post</span> <span class='ocrx_word' id='word_1_43' title='bbox 2596 1078 2843 1144; x_wconf 91' lang='lat' dir='ltr'>Donati</span> <span class='ocrx_word' id='word_1_44' title='bbox 2885 1082 3147 1164; x_wconf 88' lang='lat' dir='ltr'>supple-</span> 
     </span>
     <span class='ocr_line' id='line_1_8' title="bbox 640 1191 3145 1281; baseline -0 -23"><span class='ocrx_word' id='word_1_45' title='bbox 640 1206 919 1258; x_wconf 80' lang='lat' dir='ltr'>mentum</span> <span class='ocrx_word' id='word_1_46' title='bbox 964 1215 1346 1258; x_wconf 87' lang='lat' dir='ltr'>exeusorum</span> <span class='ocrx_word' id='word_1_47' title='bbox 1408 1207 1471 1257; x_wconf 89' lang='lat' dir='ltr'>et</span> <span class='ocrx_word' id='word_1_48' title='bbox 1528 1214 1564 1257; x_wconf 87' lang='lat' dir='ltr'>a</span> <span class='ocrx_word' id='word_1_49' title='bbox 1619 1215 1717 1257; x_wconf 89' lang='lat' dir='ltr'>me</span> <span class='ocrx_word' id='word_1_50' title='bbox 1779 1198 2235 1281; x_wconf 66' lang='lat' dir='ltr'>excerptorum</span> <span class='ocrx_word' id='word_1_51' title='bbox 2295 1191 2606 1275; x_wconf 81' lang='lat' dir='ltr'>inspicere</span> <span class='ocrx_word' id='word_1_52' title='bbox 2659 1195 2953 1277; x_wconf 83' lang='lat' dir='ltr'>dignatus</span> <span class='ocrx_word' id='word_1_53' title='bbox 2998 1193 3145 1257; x_wconf 88' lang='lat' dir='ltr'>erit.</span> 
     </span>
     <span class='ocr_line' id='line_1_9' title="bbox 634 1304 3146 1392; baseline 0 -23"><span class='ocrx_word' id='word_1_54' title='bbox 634 1306 859 1377; x_wconf 76' lang='lat' dir='ltr'>Multa</span> <span class='ocrx_word' id='word_1_55' title='bbox 906 1305 1156 1390; x_wconf 90' lang='lat' dir='ltr'>quidem</span> <span class='ocrx_word' id='word_1_56' title='bbox 1202 1306 1505 1383; x_wconf 84' lang='lat' dir='ltr'>Millino,</span> <span class='ocrx_word' id='word_1_57' title='bbox 1553 1311 1666 1370; x_wconf 90' lang='lat' dir='ltr'>sed</span> <span class='ocrx_word' id='word_1_58' title='bbox 1708 1307 1904 1392; x_wconf 84' lang='lat' dir='ltr'>longe</span> <span class='ocrx_word' id='word_1_59' title='bbox 1948 1304 2221 1389; x_wconf 87' lang='lat' dir='ltr'>plurima</span> <span class='ocrx_word' id='word_1_60' title='bbox 2265 1307 2470 1369; x_wconf 85' lang='lat' dir='ltr'>debeo</span> <span class='ocrx_word' id='word_1_61' title='bbox 2517 1306 2843 1383; x_wconf 78' lang='lat' dir='ltr'>Marinio,</span> <span class='ocrx_word' id='word_1_62' title='bbox 2894 1306 3039 1372; x_wconf 86' lang='lat' dir='ltr'>viro</span> <span class='ocrx_word' id='word_1_63' title='bbox 3084 1305 3146 1369; x_wconf 92' lang='lat' dir='ltr'>in</span> 
     </span>
     <span class='ocr_line' id='line_1_10' title="bbox 639 1418 3141 1504; baseline 0 -22"><span class='ocrx_word' id='word_1_64' title='bbox 639 1418 738 1482; x_wconf 91' lang='lat' dir='ltr'>his</span> <span class='ocrx_word' id='word_1_65' title='bbox 769 1418 992 1483; x_wconf 85' lang='lat' dir='ltr'>studiis</span> <span class='ocrx_word' id='word_1_66' title='bbox 1026 1418 1488 1495; x_wconf 82' lang='lat' dir='ltr'>versatissimo,</span> <span class='ocrx_word' id='word_1_67' title='bbox 1530 1431 1597 1481; x_wconf 91' lang='lat' dir='ltr'>et</span> <span class='ocrx_word' id='word_1_68' title='bbox 1634 1418 2084 1504; x_wconf 82' lang='lat' dir='ltr'>Hagenbuehii</span> <span class='ocrx_word' id='word_1_69' title='bbox 2112 1418 2361 1482; x_wconf 89' lang='lat' dir='ltr'>aemulo</span> <span class='ocrx_word' id='word_1_70' title='bbox 2381 1463 2400 1494; x_wconf 94' lang='lat'>,</span> <span class='ocrx_word' id='word_1_71' title='bbox 2449 1418 2591 1482; x_wconf 68' lang='lat' dir='ltr'>ideo*</span> <span class='ocrx_word' id='word_1_72' title='bbox 2625 1419 2810 1483; x_wconf 87' lang='lat' dir='ltr'>etiam</span> <span class='ocrx_word' id='word_1_73' title='bbox 2841 1418 3141 1496; x_wconf 87' lang='lat' dir='ltr'>feliciori,</span> 
     </span>
     <span class='ocr_line' id='line_1_11' title="bbox 636 1530 3146 1616; baseline 0.002 -24"><span class='ocrx_word' id='word_1_74' title='bbox 636 1533 816 1615; x_wconf 89' lang='lat' dir='ltr'>quod</span> <span class='ocrx_word' id='word_1_75' title='bbox 860 1530 918 1593; x_wconf 89' lang='lat' dir='ltr'>ei</span> <span class='ocrx_word' id='word_1_76' title='bbox 963 1531 1203 1613; x_wconf 88' lang='lat' dir='ltr'>lapides</span> <span class='ocrx_word' id='word_1_77' title='bbox 1245 1531 1424 1613; x_wconf 87' lang='lat' dir='ltr'>ipsos</span> <span class='ocrx_word' id='word_1_78' title='bbox 1461 1531 1663 1595; x_wconf 89' lang='lat' dir='ltr'>oeulis</span> <span class='ocrx_word' id='word_1_79' title='bbox 1701 1552 2037 1614; x_wconf 87' lang='lat' dir='ltr'>usurpare,</span> <span class='ocrx_word' id='word_1_80' title='bbox 2086 1531 2536 1616; x_wconf 87' lang='lat' dir='ltr'>ingentemque</span> <span class='ocrx_word' id='word_1_81' title='bbox 2577 1553 2900 1596; x_wconf 85' lang='lat' dir='ltr'>numerum</span> <span class='ocrx_word' id='word_1_82' title='bbox 2942 1554 3146 1615; x_wconf 81' lang='lat' dir='ltr'>nuper</span> 
     </span>
     <span class='ocr_line' id='line_1_12' title="bbox 638 1642 2521 1727; baseline 0.001 -22"><span class='ocrx_word' id='word_1_83' title='bbox 638 1645 889 1707; x_wconf 87' lang='lat' dir='ltr'>demum</span> <span class='ocrx_word' id='word_1_84' title='bbox 934 1656 1265 1708; x_wconf 89' lang='lat' dir='ltr'>erutorum</span> <span class='ocrx_word' id='word_1_85' title='bbox 1305 1644 1520 1727; x_wconf 89' lang='lat' dir='ltr'>primo</span> <span class='ocrx_word' id='word_1_86' title='bbox 1564 1644 1812 1727; x_wconf 87' lang='lat' dir='ltr'>publici</span> <span class='ocrx_word' id='word_1_87' title='bbox 1854 1642 2011 1707; x_wconf 88' lang='lat' dir='ltr'>iuris</span> <span class='ocrx_word' id='word_1_88' title='bbox 2059 1643 2273 1706; x_wconf 88' lang='lat' dir='ltr'>faeere</span> <span class='ocrx_word' id='word_1_89' title='bbox 2318 1643 2521 1706; x_wconf 89' lang='lat' dir='ltr'>licuit.</span> 
     </span>
    </p>

    <p class='ocr_par' dir='ltr' id='par_1_7' title="bbox 535 1754 3254 4877">
     <span class='ocr_line' id='line_1_13' title="bbox 815 1754 3141 1839; baseline 0 -19"><span class='ocrx_word' id='word_1_90' title='bbox 815 1757 963 1837; x_wconf 87' lang='lat' dir='ltr'>Quo</span> <span class='ocrx_word' id='word_1_91' title='bbox 996 1778 1157 1821; x_wconf 90' lang='lat' dir='ltr'>vero</span> <span class='ocrx_word' id='word_1_92' title='bbox 1187 1779 1313 1839; x_wconf 87' lang='lat' dir='ltr'>pro</span> <span class='ocrx_word' id='word_1_93' title='bbox 1342 1755 1609 1821; x_wconf 87' lang='lat' dir='ltr'>instituti</span> <span class='ocrx_word' id='word_1_94' title='bbox 1638 1755 1763 1820; x_wconf 88' lang='lat' dir='ltr'>mei</span> <span class='ocrx_word' id='word_1_95' title='bbox 1792 1779 2028 1820; x_wconf 86' lang='lat' dir='ltr'>summa</span> <span class='ocrx_word' id='word_1_96' title='bbox 2060 1755 2285 1839; x_wconf 89' lang='lat' dir='ltr'>populi</span> <span class='ocrx_word' id='word_1_97' title='bbox 2310 1754 2586 1821; x_wconf 88' lang='lat' dir='ltr'>Romani</span> <span class='ocrx_word' id='word_1_98' title='bbox 2611 1756 2826 1833; x_wconf 88' lang='lat' dir='ltr'>vitam,</span> <span class='ocrx_word' id='word_1_99' title='bbox 2857 1756 3141 1837; x_wconf 88' lang='lat' dir='ltr'>(Varro-</span> 
     </span>
     <span class='ocr_line' id='line_1_14' title="bbox 552 1868 3143 1959; baseline -0 -27"><span class='ocrx_word' id='word_1_100' title='bbox 552 1942 559 1947; x_wconf 40' lang='lat'>,</span> <span class='ocrx_word' id='word_1_101' title='bbox 637 1868 831 1933; x_wconf 90' lang='lat' dir='ltr'>niano</span> <span class='ocrx_word' id='word_1_102' title='bbox 864 1870 1184 1934; x_wconf 87' lang='lat' dir='ltr'>vocabulo</span> <span class='ocrx_word' id='word_1_103' title='bbox 1214 1872 1391 1950; x_wconf 86' lang='lat' dir='ltr'>utor)</span> <span class='ocrx_word' id='word_1_104' title='bbox 1424 1891 1611 1954; x_wconf 88' lang='lat' dir='ltr'>quam</span> <span class='ocrx_word' id='word_1_105' title='bbox 1640 1869 1912 1933; x_wconf 87' lang='lat' dir='ltr'>maxime</span> <span class='ocrx_word' id='word_1_106' title='bbox 1944 1870 2085 1932; x_wconf 74' lang='lat' dir='ltr'>fieri</span> <span class='ocrx_word' id='word_1_107' title='bbox 2112 1881 2355 1951; x_wconf 88' lang='lat' dir='ltr'>posset,</span> <span class='ocrx_word' id='word_1_108' title='bbox 2388 1869 2877 1951; x_wconf 87' lang='lat' dir='ltr'>inscriptionum</span> <span class='ocrx_word' id='word_1_109' title='bbox 2901 1869 3143 1959; x_wconf 75' lang='lat' dir='ltr'>auxilio</span> 
     </span>
     <span class='ocr_line' id='line_1_15' title="bbox 634 1979 3143 2066; baseline 0.002 -24"><span class='ocrx_word' id='word_1_110' title='bbox 634 1979 1024 2045; x_wconf 80' lang='lat' dir='ltr'>illustrarem</span> <span class='ocrx_word' id='word_1_111' title='bbox 1045 2025 1064 2058; x_wconf 92' lang='lat'>,</span> <span class='ocrx_word' id='word_1_112' title='bbox 1113 1984 1280 2044; x_wconf 89' lang='lat' dir='ltr'>hane</span> <span class='ocrx_word' id='word_1_113' title='bbox 1308 1981 1476 2045; x_wconf 85' lang='lat' dir='ltr'>viam</span> <span class='ocrx_word' id='word_1_114' title='bbox 1510 1981 1665 2045; x_wconf 90' lang='lat' dir='ltr'>mihi</span> <span class='ocrx_word' id='word_1_115' title='bbox 1692 1982 2173 2066; x_wconf 83' lang='lat' dir='ltr'>ingrediendam</span> <span class='ocrx_word' id='word_1_116' title='bbox 2199 1993 2385 2060; x_wconf 73' lang='lat' dir='ltr'>¹ratus</span> <span class='ocrx_word' id='word_1_117' title='bbox 2416 2003 2590 2056; x_wconf 89' lang='lat' dir='ltr'>sum,</span> <span class='ocrx_word' id='word_1_118' title='bbox 2641 1992 2711 2043; x_wconf 91' lang='lat' dir='ltr'>ut</span> <span class='ocrx_word' id='word_1_119' title='bbox 2737 1980 2919 2046; x_wconf 90' lang='lat' dir='ltr'>initio</span> <span class='ocrx_word' id='word_1_120' title='bbox 2952 1993 3143 2063; x_wconf 89' lang='lat' dir='ltr'>capto</span> 
     </span>
     <span class='ocr_line' id='line_1_16' title="bbox 633 2092 3143 2177; baseline 0 -20"><span class='ocrx_word' id='word_1_121' title='bbox 633 2095 714 2157; x_wconf 89' lang='lat' dir='ltr'>ab</span> <span class='ocrx_word' id='word_1_122' title='bbox 752 2092 909 2176; x_wconf 91' lang='lat' dir='ltr'>-ipso</span> <span class='ocrx_word' id='word_1_123' title='bbox 953 2093 1180 2177; x_wconf 91' lang='lat' dir='ltr'>populi</span> <span class='ocrx_word' id='word_1_124' title='bbox 1223 2093 1499 2158; x_wconf 89' lang='lat' dir='ltr'>Romani</span> <span class='ocrx_word' id='word_1_125' title='bbox 1543 2094 1871 2159; x_wconf 89' lang='lat' dir='ltr'>domicilio</span> <span class='ocrx_word' id='word_1_126' title='bbox 1919 2116 1992 2157; x_wconf 87' lang='lat' dir='ltr'>ac</span> <span class='ocrx_word' id='word_1_127' title='bbox 2037 2096 2224 2173; x_wconf 87' lang='lat' dir='ltr'>sede,</span> <span class='ocrx_word' id='word_1_128' title='bbox 2275 2095 2456 2160; x_wconf 89' lang='lat' dir='ltr'>Urbe</span> <span class='ocrx_word' id='word_1_129' title='bbox 2502 2105 2798 2169; x_wconf 83' lang='lat' dir='ltr'>aeterna,</span> <span class='ocrx_word' id='word_1_130' title='bbox 2846 2115 2964 2176; x_wconf 87' lang='lat' dir='ltr'>per</span> <span class='ocrx_word' id='word_1_131' title='bbox 3012 2092 3143 2158; x_wconf 89' lang='lat' dir='ltr'>sin·</span> 
     </span>
     <span class='ocr_line' id='line_1_17' title="bbox 630 2204 3140 2303; baseline 0 -35"><span class='ocrx_word' id='word_1_132' title='bbox 630 2206 815 2290; x_wconf 87' lang='lat' dir='ltr'>gulas</span> <span class='ocrx_word' id='word_1_133' title='bbox 863 2206 997 2303; x_wconf 76' lang='lat' dir='ltr'>eius¹</span> <span class='ocrx_word' id='word_1_134' title='bbox 1038 2204 1341 2291; x_wconf 86' lang='lat' dir='ltr'>regiones</span> <span class='ocrx_word' id='word_1_135' title='bbox 1380 2207 1503 2269; x_wconf 90' lang='lat' dir='ltr'>iter</span> <span class='ocrx_word' id='word_1_136' title='bbox 1547 2209 1724 2271; x_wconf 89' lang='lat' dir='ltr'>velut</span> <span class='ocrx_word' id='word_1_137' title='bbox 1767 2207 2201 2282; x_wconf 87' lang='lat' dir='ltr'>instituerem,</span> <span class='ocrx_word' id='word_1_138' title='bbox 2253 2229 2327 2271; x_wconf 91' lang='lat' dir='ltr'>ae</span> <span class='ocrx_word' id='word_1_139' title='bbox 2371 2205 2814 2270; x_wconf 82' lang='lat' dir='ltr'>memorabilia·</span> <span class='ocrx_word' id='word_1_140' title='bbox 2851 2228 3140 2292; x_wconf 88' lang='lat' dir='ltr'>quaeque</span> 
     </span>
     <span class='ocr_line' id='line_1_18' title="bbox 637 2316 3140 2405; baseline 0 -25"><span class='ocrx_word' id='word_1_141' title='bbox 637 2316 887 2400; x_wconf 88' lang='lat' dir='ltr'>lapidea</span> <span class='ocrx_word' id='word_1_142' title='bbox 921 2330 1325 2384; x_wconf 89' lang='lat' dir='ltr'>monumenta</span> <span class='ocrx_word' id='word_1_143' title='bbox 1354 2320 1687 2405; x_wconf 83' lang='lat' dir='ltr'>seligerem</span> <span class='ocrx_word' id='word_1_144' title='bbox 1719 2342 1839 2402; x_wconf 89' lang='lat' dir='ltr'>per</span> <span class='ocrx_word' id='word_1_145' title='bbox 1869 2323 2120 2386; x_wconf 88' lang='lat' dir='ltr'>easdem</span> <span class='ocrx_word' id='word_1_146' title='bbox 2152 2320 2255 2383; x_wconf 88' lang='lat' dir='ltr'>vel</span> <span class='ocrx_word' id='word_1_147' title='bbox 2290 2319 2444 2384; x_wconf 92' lang='lat' dir='ltr'>olim</span> <span class='ocrx_word' id='word_1_148' title='bbox 2474 2331 2754 2401; x_wconf 85' lang='lat' dir='ltr'>reperta,</span> <span class='ocrx_word' id='word_1_149' title='bbox 2799 2320 2903 2383; x_wconf 90' lang='lat' dir='ltr'>vel</span> <span class='ocrx_word' id='word_1_150' title='bbox 2934 2320 3140 2383; x_wconf 89' lang='lat' dir='ltr'>adhuc</span> 
     </span>
     <span class='ocr_line' id='line_1_19' title="bbox 636 2430 3143 2517; baseline 0 -23"><span class='ocrx_word' id='word_1_151' title='bbox 636 2430 972 2495; x_wconf 77' lang='lat' dir='ltr'>exstantia.</span> <span class='ocrx_word' id='word_1_152' title='bbox 1062 2432 1171 2496; x_wconf 82' lang='lat' dir='ltr'>Ex</span> <span class='ocrx_word' id='word_1_153' title='bbox 1230 2434 1411 2497; x_wconf 85' lang='lat' dir='ltr'>Urbe</span> <span class='ocrx_word' id='word_1_154' title='bbox 1457 2432 1600 2496; x_wconf 89' lang='lat' dir='ltr'>dein</span> <span class='ocrx_word' id='word_1_155' title='bbox 1643 2453 2034 2517; x_wconf 85' lang='lat' dir='ltr'>progressus</span> <span class='ocrx_word' id='word_1_156' title='bbox 2075 2432 2325 2496; x_wconf 88' lang='lat' dir='ltr'>Italiam</span> <span class='ocrx_word' id='word_1_157' title='bbox 2370 2455 2403 2496; x_wconf 89' lang='lat' dir='ltr'>a</span> <span class='ocrx_word' id='word_1_158' title='bbox 2449 2431 2908 2513; x_wconf 85' lang='lat' dir='ltr'>septemtrione</span> <span class='ocrx_word' id='word_1_159' title='bbox 2954 2431 3143 2495; x_wconf 84' lang='lat' dir='ltr'>meri·</span> 
     </span>
     <span class='ocr_line' id='line_1_20' title="bbox 636 2526 3138 2630; baseline 0 -25"><span class='ocrx_word' id='word_1_160' title='bbox 636 2542 798 2606; x_wconf 90' lang='lat' dir='ltr'>diem</span> <span class='ocrx_word' id='word_1_161' title='bbox 847 2564 1073 2609; x_wconf 87' lang='lat' dir='ltr'>versus</span> <span class='ocrx_word' id='word_1_162' title='bbox 1119 2567 1259 2606; x_wconf 90' lang='lat' dir='ltr'>eum</span> <span class='ocrx_word' id='word_1_163' title='bbox 1304 2545 1527 2609; x_wconf 89' lang='lat' dir='ltr'>insulis</span> <span class='ocrx_word' id='word_1_164' title='bbox 1587 2544 1717 2609; x_wconf 88' lang='lat' dir='ltr'>suis</span> <span class='ocrx_word' id='word_1_165' title='bbox 1777 2526 2156 2630; x_wconf 77' lang='lat' dir='ltr'>peragravi,</span> <span class='ocrx_word' id='word_1_166' title='bbox 2226 2544 2312 2606; x_wconf 90' lang='lat' dir='ltr'>ita</span> <span class='ocrx_word' id='word_1_167' title='bbox 2368 2554 2439 2607; x_wconf 90' lang='lat' dir='ltr'>ut</span> <span class='ocrx_word' id='word_1_168' title='bbox 2499 2546 2576 2607; x_wconf 92' lang='lat' dir='ltr'>ad</span> <span class='ocrx_word' id='word_1_169' title='bbox 2620 2563 2692 2607; x_wconf 88' lang='lat' dir='ltr'>ea</span> <span class='ocrx_word' id='word_1_170' title='bbox 2735 2544 3138 2627; x_wconf 86' lang='lat' dir='ltr'>potissimum</span> 
     </span>
     <span class='ocr_line' id='line_1_21' title="bbox 632 2656 3136 2743; baseline -0 -24"><span class='ocrx_word' id='word_1_171' title='bbox 632 2656 905 2719; x_wconf 84' lang='lat' dir='ltr'>animum</span> <span class='ocrx_word' id='word_1_172' title='bbox 946 2661 1371 2733; x_wconf 85' lang='lat' dir='ltr'>adverterem,</span> <span class='ocrx_word' id='word_1_173' title='bbox 1420 2678 1582 2743; x_wconf 88' lang='lat' dir='ltr'>quae</span> <span class='ocrx_word' id='word_1_174' title='bbox 1622 2657 1810 2721; x_wconf 87' lang='lat' dir='ltr'>situm</span> <span class='ocrx_word' id='word_1_175' title='bbox 1857 2669 2048 2743; x_wconf 88' lang='lat' dir='ltr'>atque</span> <span class='ocrx_word' id='word_1_176' title='bbox 2078 2656 2335 2741; x_wconf 82' lang='lat' dir='ltr'>antiqua</span> <span class='ocrx_word' id='word_1_177' title='bbox 2363 2656 2621 2722; x_wconf 87' lang='lat' dir='ltr'>nomina</span> <span class='ocrx_word' id='word_1_178' title='bbox 2652 2656 3136 2739; x_wconf 87' lang='lat' dir='ltr'>municipiorum</span> 
     </span>
     <span class='ocr_line' id='line_1_22' title="bbox 626 2770 3139 2856; baseline -0.001 -24"><span class='ocrx_word' id='word_1_179' title='bbox 626 2770 1156 2854; x_wconf 78' lang='lat' dir='ltr'>coloniarumque</span> <span class='ocrx_word' id='word_1_180' title='bbox 1202 2772 1549 2845; x_wconf 88' lang='lat' dir='ltr'>docerent,</span> <span class='ocrx_word' id='word_1_181' title='bbox 1602 2782 1700 2845; x_wconf 92' lang='lat' dir='ltr'>et,</span> <span class='ocrx_word' id='word_1_182' title='bbox 1750 2792 1915 2856; x_wconf 85' lang='lat' dir='ltr'>quae</span> <span class='ocrx_word' id='word_1_183' title='bbox 1953 2770 2393 2852; x_wconf 87' lang='lat' dir='ltr'>praetermissa</span> <span class='ocrx_word' id='word_1_184' title='bbox 2443 2770 2746 2845; x_wconf 89' lang='lat' dir='ltr'>viderem,</span> <span class='ocrx_word' id='word_1_185' title='bbox 2796 2783 2905 2834; x_wconf 89' lang='lat' dir='ltr'>aut</span> <span class='ocrx_word' id='word_1_186' title='bbox 2950 2770 3139 2854; x_wconf 62' lang='lat' dir='ltr'>igno÷</span> 
     </span>
     <span class='ocr_line' id='line_1_23' title="bbox 627 2880 3254 2974; baseline 0.001 -31"><span class='ocrx_word' id='word_1_187' title='bbox 627 2892 766 2944; x_wconf 88' lang='lat' dir='ltr'>rata</span> <span class='ocrx_word' id='word_1_188' title='bbox 807 2902 842 2944; x_wconf 92' lang='lat' dir='ltr'>a</span> <span class='ocrx_word' id='word_1_189' title='bbox 882 2880 1234 2958; x_wconf 86' lang='lat' dir='ltr'>Cluverio,</span> <span class='ocrx_word' id='word_1_190' title='bbox 1287 2880 1599 2957; x_wconf 88' lang='lat' dir='ltr'>Cellario,</span> <span class='ocrx_word' id='word_1_191' title='bbox 1648 2884 2038 2957; x_wconf 69' lang='lat' dir='ltr'>Mamerto,</span> <span class='ocrx_word' id='word_1_192' title='bbox 2088 2882 2270 2945; x_wconf 89' lang='lat' dir='ltr'>nimis</span> <span class='ocrx_word' id='word_1_193' title='bbox 2306 2882 2640 2948; x_wconf 80' lang='lat' dir='ltr'>fastidioso</span> <span class='ocrx_word' id='word_1_194' title='bbox 2670 2883 2948 2965; x_wconf 87' lang='lat' dir='ltr'>lapidum</span> <span class='ocrx_word' id='word_1_195' title='bbox 2983 2904 3141 2947; x_wconf 87' lang='lat' dir='ltr'>eon·</span> <span class='ocrx_word' id='word_1_196' title='bbox 3251 2971 3254 2974; x_wconf 21' lang='grc' dir='ltr'>Ι</span> 
     </span>
     <span class='ocr_line' id='line_1_24' title="bbox 629 2992 3138 3081; baseline 0.001 -24"><span class='ocrx_word' id='word_1_197' title='bbox 629 3004 989 3077; x_wconf 85' lang='lat' dir='ltr'>temptore,</span> <span class='ocrx_word' id='word_1_198' title='bbox 1039 3013 1115 3056; x_wconf 90' lang='lat' dir='ltr'>ac</span> <span class='ocrx_word' id='word_1_199' title='bbox 1155 2992 1565 3071; x_wconf 84' lang='lat' dir='ltr'>Reichardo,</span> <span class='ocrx_word' id='word_1_200' title='bbox 1627 2994 1913 3060; x_wconf 87' lang='lat' dir='ltr'>studiose</span> <span class='ocrx_word' id='word_1_201' title='bbox 1956 2995 2369 3079; x_wconf 84' lang='lat' dir='ltr'>colligerem:</span> <span class='ocrx_word' id='word_1_202' title='bbox 2440 2995 2559 3058; x_wconf 84' lang='lat' dir='ltr'>etsi</span> <span class='ocrx_word' id='word_1_203' title='bbox 2614 2995 2926 3078; x_wconf 88' lang='lat' dir='ltr'>plurima,</span> <span class='ocrx_word' id='word_1_204' title='bbox 2976 3017 3138 3081; x_wconf 84' lang='lat' dir='ltr'>quae</span> 
     </span>
     <span class='ocr_line' id='line_1_25' title="bbox 624 3105 3138 3191; baseline 0.001 -22"><span class='ocrx_word' id='word_1_205' title='bbox 624 3128 835 3191; x_wconf 80' lang='lat' dir='ltr'>aequo</span> <span class='ocrx_word' id='word_1_206' title='bbox 882 3126 1031 3170; x_wconf 86' lang='lat' dir='ltr'>sane</span> <span class='ocrx_word' id='word_1_207' title='bbox 1073 3105 1212 3170; x_wconf 87' lang='lat' dir='ltr'>iure</span> <span class='ocrx_word' id='word_1_208' title='bbox 1255 3107 1382 3170; x_wconf 87' lang='lat' dir='ltr'>buc</span> <span class='ocrx_word' id='word_1_209' title='bbox 1424 3106 1787 3188; x_wconf 87' lang='lat' dir='ltr'>potuissent</span> <span class='ocrx_word' id='word_1_210' title='bbox 1827 3106 2097 3183; x_wconf 81' lang='lat' dir='ltr'>referri,</span> <span class='ocrx_word' id='word_1_211' title='bbox 2145 3130 2289 3172; x_wconf 86' lang='lat' dir='ltr'>meo</span> <span class='ocrx_word' id='word_1_212' title='bbox 2323 3129 2403 3171; x_wconf 90' lang='lat' dir='ltr'>ex</span> <span class='ocrx_word' id='word_1_213' title='bbox 2438 3106 2709 3173; x_wconf 87' lang='lat' dir='ltr'>consilio</span> <span class='ocrx_word' id='word_1_214' title='bbox 2749 3112 3138 3172; x_wconf 84' lang='lat' dir='ltr'>reservanda</span> 
     </span>
     <span class='ocr_line' id='line_1_26' title="bbox 624 3218 3138 3304; baseline 0.001 -22"><span class='ocrx_word' id='word_1_215' title='bbox 624 3230 807 3282; x_wconf 86' lang='lat' dir='ltr'>erant</span> <span class='ocrx_word' id='word_1_216' title='bbox 864 3218 1058 3301; x_wconf 86' lang='lat' dir='ltr'>capiti</span> <span class='ocrx_word' id='word_1_217' title='bbox 1117 3221 1197 3281; x_wconf 89' lang='lat' dir='ltr'>ad</span> <span class='ocrx_word' id='word_1_218' title='bbox 1249 3241 1386 3283; x_wconf 88' lang='lat' dir='ltr'>rem</span> <span class='ocrx_word' id='word_1_219' title='bbox 1449 3218 1888 3303; x_wconf 81' lang='lat' dir='ltr'>municipalem</span> <span class='ocrx_word' id='word_1_220' title='bbox 1934 3221 2271 3302; x_wconf 86' lang='lat' dir='ltr'>spectanti.</span> <span class='ocrx_word' id='word_1_221' title='bbox 2364 3221 2491 3284; x_wconf 90' lang='lat' dir='ltr'>Sed</span> <span class='ocrx_word' id='word_1_222' title='bbox 2528 3220 2592 3284; x_wconf 92' lang='lat' dir='ltr'>in</span> <span class='ocrx_word' id='word_1_223' title='bbox 2632 3221 2897 3304; x_wconf 86' lang='lat' dir='ltr'>reliquis</span> <span class='ocrx_word' id='word_1_224' title='bbox 2939 3221 3138 3287; x_wconf 89' lang='lat' dir='ltr'>Orbis</span> 
     </span>
     <span class='ocr_line' id='line_1_27' title="bbox 621 3330 3133 3416; baseline -0 -20"><span class='ocrx_word' id='word_1_225' title='bbox 621 3332 903 3396; x_wconf 85' lang='lat' dir='ltr'>Romani</span> <span class='ocrx_word' id='word_1_226' title='bbox 952 3330 1238 3414; x_wconf 88' lang='lat' dir='ltr'>partibus</span> <span class='ocrx_word' id='word_1_227' title='bbox 1290 3331 1810 3416; x_wconf 88' lang='lat' dir='ltr'>provinciisque,</span> <span class='ocrx_word' id='word_1_228' title='bbox 1879 3332 2192 3416; x_wconf 86' lang='lat' dir='ltr'>Hispania</span> <span class='ocrx_word' id='word_1_229' title='bbox 2222 3378 2240 3407; x_wconf 95' lang='lat'><strong>‚</strong></span> <span class='ocrx_word' id='word_1_230' title='bbox 2320 3332 2684 3409; x_wconf 87' lang='lat' dir='ltr'>Britannia,</span> <span class='ocrx_word' id='word_1_231' title='bbox 2768 3335 3133 3410; x_wconf 86' lang='lat' dir='ltr'>Germania,</span> 
     </span>
     <span class='ocr_line' id='line_1_28' title="bbox 631 3443 3131 3522; baseline 0 -14"><span class='ocrx_word' id='word_1_232' title='bbox 631 3443 880 3520; x_wconf 89' lang='lat' dir='ltr'>Gallia,</span> <span class='ocrx_word' id='word_1_233' title='bbox 952 3444 1216 3522; x_wconf 86' lang='lat' dir='ltr'>Raetia,</span> <span class='ocrx_word' id='word_1_234' title='bbox 1291 3444 1574 3521; x_wconf 84' lang='lat' dir='ltr'>Norico,</span> <span class='ocrx_word' id='word_1_235' title='bbox 1647 3446 2021 3519; x_wconf 86' lang='lat' dir='ltr'>Pannonia,</span> <span class='ocrx_word' id='word_1_236' title='bbox 2092 3445 2449 3519; x_wconf 90' lang='lat' dir='ltr'>Dalmatia,</span> <span class='ocrx_word' id='word_1_237' title='bbox 2526 3445 2761 3521; x_wconf 88' lang='lat' dir='ltr'>Dacia,</span> <span class='ocrx_word' id='word_1_238' title='bbox 2836 3445 3131 3522; x_wconf 83' lang='lat' dir='ltr'>Graecia,</span> 
     </span>
     <span class='ocr_line' id='line_1_29' title="bbox 628 3555 3132 3642; baseline 0 -21"><span class='ocrx_word' id='word_1_239' title='bbox 628 3556 787 3621; x_wconf 86' lang='lat' dir='ltr'>Asia</span> <span class='ocrx_word' id='word_1_240' title='bbox 835 3555 1123 3632; x_wconf 90' lang='lat' dir='ltr'>minore,</span> <span class='ocrx_word' id='word_1_241' title='bbox 1172 3557 1487 3642; x_wconf 84' lang='lat' dir='ltr'>Aegypto</span> <span class='ocrx_word' id='word_1_242' title='bbox 1532 3569 1597 3620; x_wconf 91' lang='lat' dir='ltr'>et</span> <span class='ocrx_word' id='word_1_243' title='bbox 1640 3558 1865 3623; x_wconf 67' lang='lat' dir='ltr'>Africa</span> <span class='ocrx_word' id='word_1_244' title='bbox 1909 3558 2255 3641; x_wconf 88' lang='lat' dir='ltr'>specimina</span> <span class='ocrx_word' id='word_1_245' title='bbox 2299 3569 2540 3622; x_wconf 88' lang='lat' dir='ltr'>tantum</span> <span class='ocrx_word' id='word_1_246' title='bbox 2588 3561 2788 3624; x_wconf 84' lang='lat' dir='ltr'>danda</span> <span class='ocrx_word' id='word_1_247' title='bbox 2833 3558 3132 3635; x_wconf 84' lang='lat' dir='ltr'>iudicavi,</span> 
     </span>
     <span class='ocr_line' id='line_1_30' title="bbox 627 3668 3194 3758; baseline 0.001 -25"><span class='ocrx_word' id='word_1_248' title='bbox 627 3668 791 3733; x_wconf 90' lang='lat' dir='ltr'>idem</span> <span class='ocrx_word' id='word_1_249' title='bbox 823 3682 1029 3733; x_wconf 87' lang='lat' dir='ltr'>tamen</span> <span class='ocrx_word' id='word_1_250' title='bbox 1061 3669 1395 3738; x_wconf 90' lang='lat' dir='ltr'>consilium</span> <span class='ocrx_word' id='word_1_251' title='bbox 1437 3679 1717 3746; x_wconf 81' lang='lat' dir='ltr'>secutus,</span> <span class='ocrx_word' id='word_1_252' title='bbox 1763 3682 1872 3746; x_wconf 90' lang='lat' dir='ltr'>ut,</span> <span class='ocrx_word' id='word_1_253' title='bbox 1915 3693 2077 3756; x_wconf 85' lang='lat' dir='ltr'>quae</span> <span class='ocrx_word' id='word_1_254' title='bbox 2110 3670 2379 3735; x_wconf 85' lang='lat' dir='ltr'>maxime</span> <span class='ocrx_word' id='word_1_255' title='bbox 2418 3682 2645 3735; x_wconf 86' lang='lat' dir='ltr'>notatu</span> <span class='ocrx_word' id='word_1_256' title='bbox 2674 3672 2866 3756; x_wconf 87' lang='lat' dir='ltr'>digna</span> <span class='ocrx_word' id='word_1_257' title='bbox 2897 3683 3132 3750; x_wconf 88' lang='lat' dir='ltr'>essent,</span> <span class='ocrx_word' id='word_1_258' title='bbox 3189 3755 3194 3758; x_wconf 16' lang='grc' dir='ltr'><strong>Δ</strong></span> 
     </span>
     <span class='ocr_line' id='line_1_31' title="bbox 626 3781 3133 3869; baseline 0.002 -24"><span class='ocrx_word' id='word_1_259' title='bbox 626 3781 735 3845; x_wconf 79' lang='lat' dir='ltr'>vel</span> <span class='ocrx_word' id='word_1_260' title='bbox 778 3783 1072 3867; x_wconf 85' lang='lat' dir='ltr'>neglecta</span> <span class='ocrx_word' id='word_1_261' title='bbox 1115 3804 1150 3846; x_wconf 87' lang='lat' dir='ltr'>a</span> <span class='ocrx_word' id='word_1_262' title='bbox 1197 3783 1590 3867; x_wconf 85' lang='lat' dir='ltr'>geographis</span> <span class='ocrx_word' id='word_1_263' title='bbox 1637 3784 1981 3869; x_wconf 87' lang='lat' dir='ltr'>deligerem</span> <span class='ocrx_word' id='word_1_264' title='bbox 2029 3795 2217 3869; x_wconf 86' lang='lat' dir='ltr'>atque</span> <span class='ocrx_word' id='word_1_265' title='bbox 2265 3783 2656 3847; x_wconf 82' lang='lat' dir='ltr'>exhiberem.</span> <span class='ocrx_word' id='word_1_266' title='bbox 2743 3785 2839 3848; x_wconf 88' lang='lat' dir='ltr'>At</span> <span class='ocrx_word' id='word_1_267' title='bbox 2888 3784 3133 3867; x_wconf 88' lang='lat' dir='ltr'>patriae</span> 
     </span>
     <span class='ocr_line' id='line_1_32' title="bbox 629 3893 3136 3977; baseline 0.002 -21"><span class='ocrx_word' id='word_1_268' title='bbox 629 3915 850 3959; x_wconf 87' lang='lat' dir='ltr'>amore</span> <span class='ocrx_word' id='word_1_269' title='bbox 912 3898 1137 3959; x_wconf 89' lang='lat' dir='ltr'>ductus</span> <span class='ocrx_word' id='word_1_270' title='bbox 1195 3893 1378 3958; x_wconf 88' lang='lat' dir='ltr'>aliam</span> <span class='ocrx_word' id='word_1_271' title='bbox 1434 3911 1705 3977; x_wconf 83' lang='lat' dir='ltr'>prorsus</span> <span class='ocrx_word' id='word_1_272' title='bbox 1763 3895 2076 3960; x_wconf 85' lang='lat' dir='ltr'>rationem</span> <span class='ocrx_word' id='word_1_273' title='bbox 2137 3895 2396 3959; x_wconf 87' lang='lat' dir='ltr'>adhibui</span> <span class='ocrx_word' id='word_1_274' title='bbox 2449 3896 2513 3960; x_wconf 92' lang='lat' dir='ltr'>in</span> <span class='ocrx_word' id='word_1_275' title='bbox 2559 3896 2730 3960; x_wconf 88' lang='lat' dir='ltr'>saxis</span> <span class='ocrx_word' id='word_1_276' title='bbox 2775 3897 3136 3962; x_wconf 86' lang='lat' dir='ltr'>Helveticis</span> 
     </span>
     <span class='ocr_line' id='line_1_33' title="bbox 630 4005 3133 4094; baseline 0.002 -25"><span class='ocrx_word' id='word_1_277' title='bbox 630 4006 1112 4089; x_wconf 89' lang='lat' dir='ltr'>conquirendis,</span> <span class='ocrx_word' id='word_1_278' title='bbox 1147 4005 1506 4089; x_wconf 89' lang='lat' dir='ltr'>perieulum</span> <span class='ocrx_word' id='word_1_279' title='bbox 1535 4007 1719 4071; x_wconf 89' lang='lat' dir='ltr'>simul</span> <span class='ocrx_word' id='word_1_280' title='bbox 1746 4010 2060 4083; x_wconf 78' lang='lat' dir='ltr'>facturus,</span> <span class='ocrx_word' id='word_1_281' title='bbox 2096 4030 2433 4094; x_wconf 88' lang='lat' dir='ltr'>quousque</span> <span class='ocrx_word' id='word_1_282' title='bbox 2464 4008 2713 4073; x_wconf 90' lang='lat' dir='ltr'>iuvaret</span> <span class='ocrx_word' id='word_1_283' title='bbox 2740 4008 2801 4071; x_wconf 91' lang='lat' dir='ltr'>in</span> <span class='ocrx_word' id='word_1_284' title='bbox 2837 4009 3133 4074; x_wconf 86' lang='lat' dir='ltr'>Latinam</span> 
     </span>
     <span class='ocr_line' id='line_1_34' title="bbox 624 4119 3132 4209; baseline 0.002 -30"><span class='ocrx_word' id='word_1_285' title='bbox 624 4139 882 4204; x_wconf 87' lang='lat' dir='ltr'>quoque</span> <span class='ocrx_word' id='word_1_286' title='bbox 912 4119 1362 4204; x_wconf 88' lang='lat' dir='ltr'>epigraphicen</span> <span class='ocrx_word' id='word_1_287' title='bbox 1392 4119 1716 4183; x_wconf 87' lang='lat' dir='ltr'>introduci</span> <span class='ocrx_word' id='word_1_288' title='bbox 1747 4121 2035 4185; x_wconf 83' lang='lat' dir='ltr'>ordinem</span> <span class='ocrx_word' id='word_1_289' title='bbox 2064 4121 2241 4187; x_wconf 86' lang='lat' dir='ltr'>illum</span> <span class='ocrx_word' id='word_1_290' title='bbox 2282 4120 2811 4208; x_wconf 85' lang='lat' dir='ltr'>geographieum,</span> <span class='ocrx_word' id='word_1_291' title='bbox 2849 4122 2983 4209; x_wconf 88' lang='lat' dir='ltr'>qui,</span> <span class='ocrx_word' id='word_1_292' title='bbox 3018 4120 3132 4185; x_wconf 89' lang='lat' dir='ltr'>etsi</span> 
     </span>
     <span class='ocr_line' id='line_1_35' title="bbox 631 4231 3133 4326; baseline 0.002 -33"><span class='ocrx_word' id='word_1_293' title='bbox 631 4250 713 4294; x_wconf 90' lang='lat' dir='ltr'>ex</span> <span class='ocrx_word' id='word_1_294' title='bbox 756 4244 939 4313; x_wconf 86' lang='lat' dir='ltr'>parte</span> <span class='ocrx_word' id='word_1_295' title='bbox 985 4231 1454 4326; x_wconf 87' lang='lat' dir='ltr'>contradicente</span> <span class='ocrx_word' id='word_1_296' title='bbox 1500 4232 1795 4315; x_wconf 85' lang='lat' dir='ltr'>Koppio,</span> <span class='ocrx_word' id='word_1_297' title='bbox 1843 4233 1904 4296; x_wconf 89' lang='lat' dir='ltr'>in</span> <span class='ocrx_word' id='word_1_298' title='bbox 1955 4235 2201 4298; x_wconf 86' lang='lat' dir='ltr'>Graeca</span> <span class='ocrx_word' id='word_1_299' title='bbox 2247 4235 2475 4299; x_wconf 91' lang='lat' dir='ltr'>merito</span> <span class='ocrx_word' id='word_1_300' title='bbox 2520 4235 2762 4317; x_wconf 88' lang='lat' dir='ltr'>placuit</span> <span class='ocrx_word' id='word_1_301' title='bbox 2801 4232 3133 4300; x_wconf 83' lang='lat' dir='ltr'>Boeckhio</span> 
     </span>
     <span class='ocr_line' id='line_1_36' title="bbox 624 4342 3135 4432; baseline 0.001 -27"><span class='ocrx_word' id='word_1_302' title='bbox 624 4344 722 4406; x_wconf 87' lang='lat' dir='ltr'>V.</span> <span class='ocrx_word' id='word_1_303' title='bbox 758 4342 865 4407; x_wconf 78' lang='lat' dir='ltr'>cl.</span> <span class='ocrx_word' id='word_1_304' title='bbox 902 4343 1165 4427; x_wconf 90' lang='lat' dir='ltr'>eiusque</span> <span class='ocrx_word' id='word_1_305' title='bbox 1194 4344 1390 4409; x_wconf 86' lang='lat' dir='ltr'>sociis</span> <span class='ocrx_word' id='word_1_306' title='bbox 1412 4345 1881 4410; x_wconf 87' lang='lat' dir='ltr'>eruditissimis.</span> <span class='ocrx_word' id='word_1_307' title='bbox 1929 4346 2346 4429; x_wconf 86' lang='lat' dir='ltr'>Experientia</span> <span class='ocrx_word' id='word_1_308' title='bbox 2371 4344 2572 4432; x_wconf 88' lang='lat' dir='ltr'>igitur</span> <span class='ocrx_word' id='word_1_309' title='bbox 2597 4370 2695 4412; x_wconf 92' lang='lat' dir='ltr'>me</span> <span class='ocrx_word' id='word_1_310' title='bbox 2719 4345 2959 4421; x_wconf 87' lang='lat' dir='ltr'>docuit,</span> <span class='ocrx_word' id='word_1_311' title='bbox 2992 4344 3135 4410; x_wconf 86' lang='lat' dir='ltr'>fieri</span> 
     </span>
     <span class='ocr_line' id='line_1_37' title="bbox 535 4454 3179 4548; baseline 0.001 -31"><span class='ocrx_word' id='word_1_312' title='bbox 535 4526 549 4539; x_wconf 28' lang='grc' dir='ltr'>ι</span> <span class='ocrx_word' id='word_1_313' title='bbox 621 4454 688 4518; x_wconf 88' lang='lat' dir='ltr'>id</span> <span class='ocrx_word' id='word_1_314' title='bbox 716 4455 973 4540; x_wconf 88' lang='lat' dir='ltr'>quidem</span> <span class='ocrx_word' id='word_1_315' title='bbox 1004 4477 1224 4541; x_wconf 85' lang='lat' dir='ltr'>posse,</span> <span class='ocrx_word' id='word_1_316' title='bbox 1270 4455 1463 4522; x_wconf 87' lang='lat' dir='ltr'>immo</span> <span class='ocrx_word' id='word_1_317' title='bbox 1498 4458 1662 4521; x_wconf 90' lang='lat' dir='ltr'>effici</span> <span class='ocrx_word' id='word_1_318' title='bbox 1699 4462 1935 4542; x_wconf 74' lang='lat' dir='ltr'>debere</span> <span class='ocrx_word' id='word_1_319' title='bbox 1975 4481 2010 4522; x_wconf 93' lang='lat' dir='ltr'>a</span> <span class='ocrx_word' id='word_1_320' title='bbox 2045 4458 2313 4543; x_wconf 84' lang='lat' dir='ltr'>singulis</span> <span class='ocrx_word' id='word_1_321' title='bbox 2346 4459 2502 4523; x_wconf 89' lang='lat' dir='ltr'>viris</span> <span class='ocrx_word' id='word_1_322' title='bbox 2535 4461 2742 4525; x_wconf 85' lang='lat' dir='ltr'>doctis</span> <span class='ocrx_word' id='word_1_323' title='bbox 2773 4458 3041 4542; x_wconf 82' lang='lat' dir='ltr'>singulis</span> <span class='ocrx_word' id='word_1_324' title='bbox 3072 4458 3135 4521; x_wconf 90' lang='lat' dir='ltr'>in</span> <span class='ocrx_word' id='word_1_325' title='bbox 3175 4544 3179 4548; x_wconf 89' lang='lat'>.</span> 
     </span>
     <span class='ocr_line' id='line_1_38' title="bbox 621 4568 3140 4657; baseline 0.001 -26"><span class='ocrx_word' id='word_1_326' title='bbox 621 4568 1018 4656; x_wconf 86' lang='lat' dir='ltr'>provinciis,</span> <span class='ocrx_word' id='word_1_327' title='bbox 1090 4568 1556 4647; x_wconf 86' lang='lat' dir='ltr'>vicinitatibus,</span> <span class='ocrx_word' id='word_1_328' title='bbox 1634 4571 1898 4638; x_wconf 84' lang='lat' dir='ltr'>urbibus</span> <span class='ocrx_word' id='word_1_329' title='bbox 1943 4583 2133 4657; x_wconf 85' lang='lat' dir='ltr'>atque</span> <span class='ocrx_word' id='word_1_330' title='bbox 2179 4572 2472 4656; x_wconf 78' lang='lat' dir='ltr'>oppidis3</span> <span class='ocrx_word' id='word_1_331' title='bbox 2538 4577 2649 4638; x_wconf 85' lang='lat' dir='ltr'>sed</span> <span class='ocrx_word' id='word_1_332' title='bbox 2691 4574 2817 4656; x_wconf 71' lang='lat' dir='ltr'>boc</span> <span class='ocrx_word' id='word_1_333' title='bbox 2862 4570 3028 4635; x_wconf 86' lang='lat' dir='ltr'>idem</span> <span class='ocrx_word' id='word_1_334' title='bbox 3069 4583 3140 4635; x_wconf 89' lang='lat' dir='ltr'>ut</span> 
     </span>
     <span class='ocr_line' id='line_1_39' title="bbox 620 4679 3132 4767; baseline 0.001 -24"><span class='ocrx_word' id='word_1_335' title='bbox 620 4691 903 4745; x_wconf 89' lang='lat' dir='ltr'>tentetur</span> <span class='ocrx_word' id='word_1_336' title='bbox 936 4681 1011 4745; x_wconf 70' lang='lat' dir='ltr'>in‘</span> <span class='ocrx_word' id='word_1_337' title='bbox 1046 4682 1353 4746; x_wconf 86' lang='lat' dir='ltr'>universo</span> <span class='ocrx_word' id='word_1_338' title='bbox 1392 4679 1733 4766; x_wconf 87' lang='lat' dir='ltr'>aliquando</span> <span class='ocrx_word' id='word_1_339' title='bbox 1775 4683 2256 4767; x_wconf 70' lang='lat' dir='ltr'>inscriptionum</span> <span class='ocrx_word' id='word_1_340' title='bbox 2309 4685 2679 4749; x_wconf 87' lang='lat' dir='ltr'>Latinarum</span> <span class='ocrx_word' id='word_1_341' title='bbox 2711 4705 2990 4766; x_wconf 88' lang='lat' dir='ltr'>corpore</span> <span class='ocrx_word' id='word_1_342' title='bbox 3022 4685 3132 4746; x_wconf 85' lang='lat' dir='ltr'>ad-</span> 
     </span>
     <span class='ocr_line' id='line_1_40' title="bbox 626 4792 3138 4877; baseline 0.003 -22"><span class='ocrx_word' id='word_1_343' title='bbox 626 4797 960 4876; x_wconf 82' lang='lat' dir='ltr'>ornando,</span> <span class='ocrx_word' id='word_1_344' title='bbox 1010 4792 1239 4857; x_wconf 85' lang='lat' dir='ltr'>nemini</span> <span class='ocrx_word' id='word_1_345' title='bbox 1283 4794 1572 4877; x_wconf 86' lang='lat' dir='ltr'>equidem</span> <span class='ocrx_word' id='word_1_346' title='bbox 1628 4809 1853 4862; x_wconf 85' lang='lat' dir='ltr'>auctor</span> <span class='ocrx_word' id='word_1_347' title='bbox 1892 4818 2027 4860; x_wconf 86' lang='lat' dir='ltr'>sum</span> <span class='ocrx_word' id='word_1_348' title='bbox 2077 4796 2359 4862; x_wconf 77' lang='lat' dir='ltr'>futurus.</span> <span class='ocrx_word' id='word_1_349' title='bbox 2449 4798 2604 4862; x_wconf 87' lang='lat' dir='ltr'>Vidi</span> <span class='ocrx_word' id='word_1_350' title='bbox 2649 4797 2816 4861; x_wconf 61' lang='lat' dir='ltr'>enim</span> <span class='ocrx_word' id='word_1_351' title='bbox 2861 4797 2965 4861; x_wconf 87' lang='lat' dir='ltr'>bie</span> <span class='ocrx_word' id='word_1_352' title='bbox 3005 4796 3138 4864; x_wconf 90' lang='lat' dir='ltr'>illic</span> 
     </span>
    </p>
   </div>
  </div>
 </body>
</html>
