3502 5487
1161 492 1957 560 PRAEFATIO.
2679 499 2801 570 Χ17

311 665 857 748 supplementum,
929 662 1159 747 par-tim
1223 684 1305 725 ex
1372 620 1672 726 eiusdemx
1717 662 1967 727 schedis
2036 666 2526 748 depromptum,
2602 668 2716 728 sed
2769 688 2804 729 a

311 780 503 844 nobis
542 778 854 863 singulari
896 777 1110 867 studio
1153 786 1429 840 auctum.
1519 777 1584 839 A
1623 774 2141 840 Christianorum
2180 798 2343 841 vero
2390 779 2807 842 monumentis

311 894 418 971 (de
478 912 752 977 quorum
809 889 877 953 in
920 887 1287 974 antiquitate
1333 886 1756 951 ecclesiastica
1800 909 1919 952 usu
1962 865 2114 970 post
2156 890 2571 953 Muenterum
2614 912 2803 973 prae-

312 1005 486 1068 clare
530 1024 737 1086 nuper
778 1001 1126 1084 disputavit
1171 1000 1538 1077 Geseuius‚)
1583 1002 1851 1082 paucula
1896 1003 2206 1083 quaedam
2249 1000 2303 1065 si
2346 1002 2625 1085 excipias
2663 1004 2810 1067 hinc

311 1117 456 1180 inde
513 1137 779 1198 sparsa,
839 1115 959 1177 suit
1018 1112 1487 1190 abstinendum,
1559 1132 1635 1175 ne
1701 1112 1966 1175 licenter
2010 1112 2282 1176 instituti
2326 1112 2449 1178 mei
2492 1115 2649 1178 fines
2693 1117 2808 1180 mi-

312 1250 603 1315 grarem.
649 1258 734 1271 —-
819 1227 898 1291 In
942 1240 1302 1309 temporum
1361 1224 1611 1324 ratione
1671 1227 1993 1301 notanda,
2057 1224 2296 1310 ubique
2356 1239 2609 1321 secutus
2669 1250 2806 1292 sum

311 1343 550 1407 Fastos
602 1338 1233 1406 Almeloveenianos.

488 1455 830 1536 Superest,
890 1464 959 1514 ut
1002 1454 1077 1514 de
1122 1450 1414 1536 legibus,
1481 1470 1639 1534 quas
1682 1450 1743 1513 in
1791 1452 2043 1516 edendis
2102 1452 2628 1536 inscriptionibus
2671 1454 2808 1536 ipse

312 1566 475 1630 mihi
531 1565 795 1648 scripsi,
858 1563 1079 1647 paucis
1139 1584 1513 1644 exponam·
1595 1564 1672 1627 In
1728 1563 1807 1627 iis
1850 1586 1927 1629 ne
1974 1586 2095 1627 una
2138 1565 2389 1649 quidem
2435 1565 2685 1629 literula
2730 1569 2807 1629 de

314 1678 729 1753 coniectura,
800 1677 918 1741 etsi
964 1697 1152 1758 saepe
1198 1675 1588 1751 certissima,
1653 1687 1751 1738 est
1809 1675 2163 1741 immutata.
2251 1677 2331 1741 Id
2373 1688 2614 1743 tantum
2658 1678 2811 1741 mihi

315 1790 569 1855 arbitrii
627 1790 901 1871 sumpsi,
961 1799 1033 1851 ut
1090 1809 1252 1871 quae
1295 1787 1359 1850 in
1407 1788 1919 1851 adnotationibus
1963 1790 2337 1872 praesertim
2383 1790 2686 1854 Gudianis
2732 1792 2812 1854 ad

320 1905 675 1967 Gruterum
720 1914 1042 1984 tamquam
1086 1900 1360 1982 lapidum
1404 1898 1695 1982 ipsorum
1741 1901 2096 1964 afferuntur
2139 1901 2473 1978 lectiones,
2522 1924 2637 1966 sua
2670 1903 2811 1985 ple-

318 2037 590 2099 rumque
635 2014 952 2079 evidentia
997 2034 1136 2076 sese
1180 2015 1714 2088 commendantes,
1762 2013 2152 2095 postliminio
2195 2013 2578 2096 reciperem,
2625 2015 2808 2077 item-

320 2150 445 2212 qne
503 2149 587 2191 ex
646 2126 789 2189 aliis
847 2125 1118 2189 aliorum
1178 2124 1350 2206 typis
1408 2124 1912 2213 accuratioribus
1973 2137 2318 2210 corruptos
2376 2131 2805 2192 emendarem.

319 2243 503 2304 Haec
559 2259 724 2303 vero
785 2239 990 2316 ratio,
1052 2236 1411 2300 necessario
1468 2236 1607 2300 fere
1667 2214 1996 2321 tenenda,
2032 2239 2142 2302 ubi
2199 2235 2536 2330 ἀρχετύπῳ
2597 2263 2810 2304 sumus

324 2351 627 2428 destituti,
678 2373 796 2413 cur
840 2361 946 2414 aut
991 2349 1249 2415 omnino
1294 2350 1818 2432 reprehendenda
1862 2348 1970 2425 sit,
2027 2361 2135 2412 aut
2179 2353 2258 2414 ab
2304 2351 2519 2437 aliquo
2563 2351 2809 2433 impro-

322 2466 460 2528 bari
520 2463 843 2547 potuerit,
915 2462 1203 2547 equidem
1262 2481 1532 2543 prorsus
1589 2481 1719 2523 non
1777 2460 2110 2545 intelligo:
2176 2462 2339 2527 idem
2397 2463 2561 2526 enim
2607 2464 2812 2528 critici

319 2598 543 2643 omnes
590 2575 784 2639 licere
844 2574 1002 2651 sibi,
1072 2574 1268 2637 immo
1315 2572 1413 2635 sui
1458 2570 1652 2637 officii
1694 2571 1758 2634 in
1797 2572 2021 2654 primis
2065 2595 2204 2637 esse
2246 2596 2499 2657 semper
2543 2597 2806 2638 censue-

318 2702 506 2765 runt,
576 2701 648 2752 ut
706 2687 981 2752 diversis
1039 2708 1075 2750 e
1133 2679 1463 2770 codicibus
1518 2684 1718 2768 ipsius
1778 2684 2117 2768 scriptoris
2171 2708 2422 2750 manum
2474 2687 2812 2751 restituere

322 2814 748 2874 conarentur3
796 2801 951 2864 illud
980 2801 1419 2864 tantummodo
1449 2797 1939 2879 inscriptionum
1968 2820 2227 2883 quoque
2257 2799 2533 2863 editores
2557 2812 2814 2864 servent

324 2936 585 2978 necesse
631 2925 764 2988 est,
835 2924 905 2973 ut
947 2910 1316 2993 scriptionis
1360 2910 1732 2974 varietatem
1777 2911 2081 2994 religiose
2124 2911 2333 2976 ubivis
2378 2923 2679 2987 enotent,
2739 2935 2816 2975 ac

318 3025 694 3111 posteritati
733 3023 948 3087 iudicii
990 3021 1241 3086 ferendi
1269 3033 1654 3105 potestatem
1685 3022 2081 3104 permittant.
2171 3025 2622 3106 Supplementa
2653 3045 2815 3090 vero

320 3137 648 3203 rarissime
689 3135 1066 3220 fragmentis
1110 3145 1256 3197 sunt
1312 3134 1586 3209 inserta,
1648 3156 1849 3218 eaque
1910 3134 2112 3198 literis
2171 3135 2524 3199 minoribus
2580 3157 2816 3199 excusa

322 3265 387 3316 et
414 3250 598 3315 uncis
626 3250 890 3331 insuper
920 3269 955 3310 a
972 3246 1257 3328 lapidum
1283 3245 1442 3328 ipsis
1465 3246 1747 3330 reliquiis
1773 3246 2149 3329 plerumque
2178 3249 2448 3312 seclusa.
2495 3247 2817 3314 Paucissi-

321 3365 444 3427 mis
488 3360 812 3443 exceptis,
861 3358 1122 3443 (quibus
1165 3379 1416 3441 semper
1456 3370 1585 3421 eet.
1630 3357 2061 3441 subscriptum
2119 3364 2252 3439 cst)
2314 3383 2531 3425 omnes
2591 3361 2818 3423 inscri-

319 3476 582 3560 ptiones
626 3474 910 3556 integras
955 3472 1131 3547 dedi,
1192 3470 1312 3533 etsi
1354 3469 1416 3533 in
1460 3470 1591 3532 fine
1630 3469 1719 3533 nil
1763 3471 1883 3533 nisi
1940 3471 2194 3534 nomina
2219 3516 2236 3547 ,
2299 3474 2398 3535 vel
2460 3472 2815 3537 notissimas

322 3588 640 3653 formulas
683 3579 1076 3668 sepulcrales
1122 3583 1561 3649 continerent:
1609 3580 1748 3663 ipse
1796 3581 1957 3645 enim
2006 3582 2188 3646 nimis
2235 3606 2422 3665 saepe
2467 3584 2818 3648 molestiam

325 3701 493 3762 illam
535 3685 839 3780 expertus
880 3702 1088 3772 cram,
1137 3716 1262 3781 qua
1301 3694 1641 3770 afficimur,
1688 3694 1800 3756 ubi
1830 3697 2152 3760 decurtata
2181 3695 2512 3777 inscriptio
2546 3698 2819 3760 offertur

327 3812 730 3887 timentibuS,
785 3830 863 3872 ne
924 3808 1246 3894 gravioris
1292 3805 1531 3890 aliquid
1572 3806 1872 3869 momenti
1920 3806 2106 3871 nobis
2152 3807 2535 3870 subtraxerit
2580 3807 2815 3872 editor.

327 3925 585 3986 Versus
625 3920 1109 4004 inscriptionum
1158 3919 1323 3982 linea
1368 3930 1734 3980 transversa
1780 3936 1999 3992 omnes
2044 3919 2210 3982 inter
2247 3941 2314 3983 se
2352 3919 2816 3995 discriminavi;

324 4036 421 4100 ita
468 4046 535 4097 ut
574 4055 887 4120 quemque
928 4032 1180 4096 titulum
1223 4029 1522 4094 facillima
1550 4051 1766 4112 -opera
1824 4030 2153 4111 pristinam
2194 4030 2261 4092 in
2303 4031 2577 4094 sormam
2611 4034 2819 4096 denuo

324 4146 629 4231 redigere
676 4166 897 4230 queas.
985 4146 1212 4209 Locos
1256 4163 1598 4216 saxorum,
1647 4141 2007 4225 ubieunque
2051 4153 2325 4223 propter
2362 4144 2649 4225 priorum
2691 4145 2820 4207 edi·

326 4272 542 4323 torum
590 4257 956 4323 socordiam
1002 4276 1127 4342 ego
1173 4256 1344 4318 haud
1395 4255 1801 4338 ignorarem,
1867 4266 2166 4317 accurate
2226 4255 2566 4331 adnotavi,
2638 4257 2824 4319 sicuti

326 4381 394 4434 et
452 4371 694 4448 libros,
754 4372 915 4433 unde
973 4371 1468 4452 unumquodque
1528 4369 1925 4446 desumptum
2001 4378 2122 4428 est.
2238 4370 2594 4444 Notarum‚
2668 4390 2825 4453 quas

326 4486 650 4561 barbaro,
723 4484 835 4545 sed
889 4481 1126 4544 usitato
1186 4480 1544 4554 iamdudum
1593 4478 1653 4540 in
1699 4499 1774 4541 re
1821 4477 2234 4562 epigrapbica
2277 4481 2603 4552 ¹vocabulo
2645 4481 2829 4564 sigla

325 4597 441 4659 vel
482 4595 698 4679 siglas
747 4595 1108 4677 appellant,
1153 4589 1748 4672 interpretationem
1787 4589 2020 4674 ubique
2052 4592 2188 4654 sere
2222 4592 2456 4665 adieci,
2507 4615 2583 4655 ne
2622 4594 2826 4655 lector

323 4708 539 4772 minus
581 4709 705 4771 hoc
748 4707 810 4769 in
860 4725 1097 4791 genere
1141 4715 1458 4778 versatus,
1510 4704 1612 4766 vel
1656 4703 1937 4766 incertus
1981 4706 2295 4776 haereret,
2348 4705 2450 4766 vel
2494 4706 2571 4765 ad
2610 4726 2823 4766 earum

326 4820 758 4896 coniectores,
778 4816 1104 4884 Coletium
1137 4828 1200 4880 et
1221 4816 1639 4887 Gerrardum‚
1674 4816 1878 4877 omnis
1912 4816 2167 4898 generis
2203 4814 2532 4878 erroribus
2552 4817 2828 4878 refertos

415 4933 591 4972 Cotteet.
619 4932 824 4985 Inscripti.
846 4931 978 4972 Latiu.
2179 4975 2185 4981 .
2289 4928 2324 4964 0

2289 4967 2320 4988 da
