3502 5487
1213 446 2023 537 PRAEFATIQ
2215 480 2366 531 ἃ·
2838 473 2972 538 9.

372 655 689 731 quatenus
718 626 1027 727 exemplis
1068 640 1286 706 doceri
1317 652 1570 724 potest,
1625 640 1766 704 fere
1808 618 2205 724 posthabito,
2240 642 2570 707 Romanae
2605 641 2880 727 antiqui·
2909 696 2916 703 ,

374 759 522 822 tatis
564 744 912 847 praecipua
956 757 1122 818 ratio
1166 756 1537 821 haberetur.
1623 752 2002 838 Digerendiff
2027 752 2226 839 igitur
2263 767 2407 817 ante
2431 756 2659 825 ¹omnia
2698 768 2881 819 erant

382 871 546 935 tituli
589 893 732 934 eum
772 852 850 933 in
883 871 1174 946 modum,
1225 879 1293 931 ut
1338 867 1804 953 quicunque'in
1832 867 2009 931 istam
2043 865 2429 952 disciplinam
2458 866 2876 945 incumberet,

380 983 625 1050 facilius
650 1004 839 1067 quam
871 974 1175 1047 consultis
1205 979 1383 1044 libris
1425 979 1672 1057 Smetii,
1702 980 1992 1055 Gruteri,
2023 980 2328 1056 Reinesii,
2366 981 2616 1063 Sponii,
2650 980 2877 1058 Donii,

382 1096 699 1170 Fabretti,
724 1094 936 1169 Gudii,
958 1093 1337 1168 Muratorii,
1361 1093 1633 1169 Maffeii,
1657 1104 1718 1155 et
1743 1093 2007 1167 Donati,
2035 1096 2334 1176 (quorum
2360 1097 2580 1157 decem
2597 1095 2883 1159 virorum

381 1196 721 1275 doctorum
782 1230 969 1271 curas
1032 1228 1446 1291 magnarum
1502 1205 1977 1270 collectionum
2036 1207 2191 1269 trito
2247 1206 2494 1270 iamiam
2559 1208 2881 1273 vocabulo

383 1325 928 1405 comprehendere
972 1322 1181 1400 soleo)
1231 1320 1555 1405 gravioris
1598 1319 1905 1383 momenti
1939 1318 2159 1383 titulos
2196 1319 2545 1404 plerosque
2583 1321 2663 1382 ad
2695 1331 2885 1402 caput

383 1435 660 1520 quodvis
690 1434 1028 1516 praecipue
1060 1444 1439 1515 spectantes,
1482 1453 1612 1498 uno
1654 1433 1828 1496 velut
1860 1443 2235 1514 conspectu,
2285 1453 2401 1494 nec
2438 1432 2570 1495 sine
2593 1436 2881 1518 quadam

384 1522 806 1612 delectatione
847 1559 1071 1629 posset
1111 1530 1525 1629 perlustrare.
1614 1547 1865 1609 Verum
1907 1547 2077 1608 hunc
2119 1555 2391 1627 propter
2434 1544 2621 1609 finem
2666 1546 2883 1628 plures

384 1661 539 1724 mihi
579 1663 832 1725 classes
877 1672 1056 1724 erant
1096 1659 1534 1736 instituendae,
1584 1660 1908 1744 longeque
1937 1658 2119 1735 aliae,
2174 1680 2250 1722 ac
2290 1658 2668 1723 visum-erat
2704 1658 2886 1739 prio-

384 1774 591 1851 ribuS,
642 1774 873 1857 quibus
904 1795 1090 1857 quam
1119 1773 1457 1836 maximum
1487 1770 1973 1855 inscriptionum
2005 1794 2332 1836 numerum
2362 1770 2669 1855 colligere
2698 1770 2884 1835 unice

386 1887 786 1970 propositum
820 1885 1093 1967 -fuisset.
1185 1887 1331 1966 Qua
1389 1885 1455 1947 in
1509 1866 1583 1947 re
1625 1886 1948 1955 fatendum
1994 1906 2145 1948 sane
2181 1884 2342 1957 ,mihi
2381 1885 2612 1959 viden,
2689 1904 2884 1947 unum

385 1999 673 2086 idemque
717 2021 938 2063 saxum
986 1999 1128 2082 pari
1167 2000 1309 2062 fere
1352 1997 1491 2061 iure
1537 1997 1792 2061 diversa
1832 2018 2024 2078 saepe
2067 1999 2149 2063 ad
2190 1997 2397 2079 capita
2440 1997 2729 2079 potuisse
2779 2018 2886 2060 re-

384 2112 573 2189 ferri,
637 2112 926 2197 quamvis
972 2111 1485 2176 committendum
1530 2130 1660 2175 non
1704 2121 1907 2187 esset,
1968 2121 2038 2173 ut
2081 2110 2185 2173 vel
2231 2109 2437 2173 dedita
2483 2132 2719 2192 opera,
2781 2110 2886 2174 vel

386 2225 606 2311 supina
649 2226 797 2302 illa,
862 2247 985 2310 qua
1028 2230 1215 2289 nemo
1259 2222 1653 2308 frequentius
1700 2222 2071 2288 Muratorio
2115 2225 2443 2307 peccavit,
2493 2223 2887 2309 negligentia

385 2338 480 2401 bis
533 2351 714 2401 terve
764 2349 1192 2420 repeteretur»
1296 2338 1598 2401 Attamen
1642 2336 1791 2400 huic
1834 2358 1963 2399 non
2006 2336 2136 2399 levi
2181 2337 2430 2421 quidem
2478 2335 2884 2400 incommodo

386 2474 576 2536 quum
619 2451 892 2514 indicum
939 2472 1064 2534 ope
1110 2452 1348 2515 mederi
1391 2464 1653 2515 conatus
1697 2471 1874 2523 sum,
1946 2452 2078 2511 turn
2122 2447 2387 2512 subinde
2430 2450 2739 2513 lectorem
2801 2468 2881 2513 eo

386 2565 746 2640 amandavi,
826 2564 943 2626 alia
999 2564 1108 2628 ubi
1165 2563 1480 2628 inveniret
1537 2584 1709 2640 rem,
1775 2563 1850 2624 de
1906 2583 2035 2646 qua
2091 2572 2283 2643 quum
2344 2560 2611 2624 maxime
2668 2581 2883 2625 sermo

389 2689 591 2753 esset,
659 2679 1072 2741 illustratura.

558 2793 809 2855 Verum
852 2792 916 2855 id
958 2791 1019 2855 in
1064 2791 1736 2874 primis-spectandum
1784 2802 1958 2899 erat,
2006 2802 2079 2853 ut
2121 2789 2574 2884 ,exrtitulorum
2614 2790 2888 2872 quadra·
2971 2803 2977 2808 ·

390 2904 562 2991 ginta
624 2905 882 2968 circiter
941 2902 1215 2967 millibus
1274 2926 1308 2967 a
1368 2927 1464 2968 me
1509 2903 1848 2987 perlectis,
1919 2903 2353 2989 unusquisque
2398 2907 2658 2978 eorum,
2722 2922 2886 2984 quos

388 3017 794 3104 selegissem,
861 3030 995 3080 tum
1054 3017 1251 3100 ipsius
1310 3021 1456 3080 ante
1503 3017 1712 3082 omnia
1770 3017 2126 3103 argumenti
2181 3015 2533 3101 gravitate,
2609 3025 2740 3077 tum
2798 3011 2892 3092 (id

390 3134 567 3215 quod
594 3107 958 3213 proximum
990 3133 1151 3207 erat)
1196 3130 1642 3194 sententiarum
1687 3128 2124 3212 sermonisque
2161 3127 2509 3211 elegantia,
2556 3139 2729 3202 tum,
2780 3124 2890 3189 ubi

387 3223 629 3324 'operae
663 3244 935 3325 pretium
968 3255 1159 3319 esset,
1208 3241 1557 3306 rusticitate
1602 3261 1861 3327 quoque
1906 3261 2044 3314 sua,
2093 3238 2365 3302 Latinae
2402 3238 2660 3325 linguae
2696 3237 2892 3302 vicis·

390 3355 690 3419 situdines
720 3356 1100 3439 satalemque
1127 3357 1374 3418 tandem
1405 3354 1727 3417 interitum
1764 3357 2259 3427 demonstrante,
2293 3353 2581 3438 studioso
2614 3372 2682 3415 se
2714 3372 2892 3415 com-

391 3471 738 3531 mendaret.
818 3469 1000 3549 Quae
1031 3490 1180 3531 sane
1212 3468 1546 3530 arbitraria
1577 3467 1747 3529 haud
1776 3487 1930 3529 raro
1962 3476 2098 3528 erat
2130 3464 2349 3546 opti03
2396 3449 2700 3548 siquidem
2735 3464 2891 3526 alius

396 3580 720 3642 reiecisset
751 3601 1085 3662 persaepe,
1134 3579 1285 3641 mihi
1322 3601 1484 3662 quae
1523 3577 2000 3642 transcribenda
2038 3578 2448 3650 videbantur3
2494 3577 2687 3640 immo
2722 3576 2886 3657 ipse,

392 3692 592 3755 libere
638 3694 864 3767 dicam,
915 3703 1222 3777 quattuor
1257 3714 1375 3775 per
1413 3713 1612 3774 annos
1656 3694 1785 3756 hoe
1825 3691 1888 3753 in
1934 3690 2198 3776 negotio
2237 3702 2534 3772 versatus
2572 3689 2696 3752 alio
2734 3699 2893 3751 tcm—
2985 3761 2986 3782 Χ

264 3811 265 3816 ’
320 3873 329 3876 ,
394 3826 554 3887 pore
601 3804 739 3868 aliis
784 3805 943 3870 alios
987 3806 1263 3869 sortasse
1303 3805 1742 3886 praetulissem
1790 3803 2046 3888 titulos:
2096 3802 2363 3882 (infinita
2408 3812 2504 3864 est
2548 3800 2715 3863 enim
2760 3802 2892 3879 res)

398 3938 508 3981 nec
547 3932 757 3981 tamen
801 3918 862 3980 in
908 3918 1089 3981 nimis
1134 3918 1342 3980 multis
1388 3917 1656 3980 abissem
1696 3940 1730 3980 a
1775 3916 2095 4000 praesenti
2126 3913 2558 3979 meoiudicio.
2637 3910 2892 3977 Etenim

396 4030 704 4093 affirmare
752 4031 984 4104 ausim,
1048 4032 1391 4115 quemlibet
1432 4032 1560 4093 huc
1605 4032 1987 4108 collocatum
2032 4040 2245 4092 certas
2287 4039 2562 4110 propter
2603 4027 2892 4089 rationes

391 4164 573 4206 suum
618 4145 830 4208 locum
874 4144 1070 4220 tueri,
1135 4166 1341 4229 neque
1383 4144 1698 4229 ingratum
1741 4144 1889 4208 fore
1932 4142 2187 4205 lectori.

561 4257 708 4320 Erit
738 4278 925 4333 sane,
971 4244 1083 4320 ulii
1125 4257 1327 4320 minus
1370 4257 1556 4340 periti
1601 4277 1910 4324 censores·
1946 4237 2550 4332 stomachabuntur,
2597 4273 2786 4316 unum
2830 4264 2894 4316 et
2945 4241 2950 4246 Ο

394 4367 658 4433 alterum
704 4392 952 4445 saxum,
1002 4370 1288 4433 mirabile
1329 4369 1451 4434 sibi
1495 4369 1727 4444 visum,
1776 4368 2291 4450 praetermissum
2338 4388 2514 4439 esse,
2563 4365 2778 4451 idque,
2823 4377 2894 4428 ut

394 4483 489 4557 fit,
528 4482 894 4547 fastidiosae
927 4484 1169 4547 cuidam
1202 4481 1624 4568 negligentiae
1653 4482 1931 4547 sortasse
1961 4481 2264 4544 tribuent.
2356 4482 2483 4543 Sed
2512 4500 2891 4564 quamquam

396 4594 688 4658 facillime
734 4595 1020 4658 accidere
1064 4607 1358 4678 poterat,
1415 4608 1484 4658 ut
1530 4595 1590 4658 in
1634 4607 1758 4657 tam
1802 4594 2103 4658 immensa
2145 4591 2633 4674 inscriptionum
2681 4590 2892 4654 multi-

394 4707 632 4782 tudine,
677 4709 898 4790 plures
942 4709 1165 4792 dignae
1210 4709 1450 4793 utique,
1500 4729 1664 4792 quae
1707 4710 1832 4772 huc
1872 4706 2329 4780 insererentur,
2379 4725 2515 4767 sese
2556 4703 2708 4766 mihi
2741 4705 2894 4765 sub-

395 4822 733 4898 ducerent,
782 4821 1078 4884 consulto
1122 4832 1325 4884 tame'n
1371 4822 1734 4906 plerasque,
1784 4843 1940 4905 quas
1986 4818 2403 4881 desideratum
2439 4815 2522 4878 iri
2559 4837 2685 4899 ego
2724 4809 2893 4900 q‘uo-
