3502 5487
789 616 1151 689 RESEvas'
1185 630 1392 697 (lucius
1431 637 1685 697 Andreas)
1722 640 1811 686 Hic
1846 653 2063 699 quoque,
2119 643 2171 684 ut
2205 640 2502 698 antiquiores
2550 640 2747 696 Hispani
2791 639 2898 686 fere
2945 654 3146 696 omnes,

654 731 797 777 babet
846 744 941 775 non
988 743 1136 785 pauca
1172 728 1443 773 subditicin.
1482 741 1530 773 v.
1570 725 1780 773 Gruter-i
1813 729 1988 783 Spuria
2034 724 2128 782 14,
2171 726 2220 772 2.
2263 733 2311 773 et
2343 730 2541 784 passim.
2598 728 2784 773 Pravns
2813 729 2941 777 enim
2964 731 3147 783 patriae

654 833 793 865 aanor
833 823 881 864 et
919 819 1042 862 hunc
1084 818 1399 873 scriptorem,
1440 821 1488 861 et
1521 818 1822 872 popularium
1860 817 1981 861 haud
2024 829 2200 872 paucos
2238 821 2538 862 transversos
2576 816 2748 875 agebat
2783 829 2841 860 eo
2875 830 3057 874 usque,
3100 823 3152 863 ut

653 910 729 953 vel
765 922 794 951 a
830 907 999 963 puerili
1036 906 1202 950 fraude
1238 919 1333 950 non
1372 904 1697 961 abstinerent3
1750 907 2022 950 securiores
2067 919 2185 950 vero
2233 908 2428 970 eosdem
2473 905 2705 950 reddebat
2751 910 2883 950 certa
2919 906 3151 963 quaedam

657 996 822 1052 opinio
844 1028 857 1049 ,
916 995 1154 1039 neminem
1206 1006 1410 1051 unquam
1444 993 1733 1038 exstiturum
1767 994 1920 1053 magis
1957 994 2189 1049 peritum,
2249 995 2326 1051 qui
2363 995 2596 1039 eiusmodi
2632 993 2810 1053 flagitia
2846 995 3035 1039 tandem
3071 1008 3152 1039 re-

653 1087 866 1138 velaret,
905 1084 1118 1140 risuique
1157 1085 1435 1137 exponeret.
1644 1075 1659 1083 “

794 1154 1200 1217 mccARmAM
1239 1168 1436 1224 Μωεί,
1476 1169 1751 1214 Florentiae
1788 1170 2049 1225 asservati,
2092 1170 2283 1214 dimidia
2318 1170 2423 1215 fere
2459 1183 2571 1227 pars
2613 1175 2835 1226 suspecta
2870 1176 2975 1216 erat
3010 1166 3153 1229 Mas-

642 1256 758 1322 [εἰσ
792 1264 850 1304 Α.
893 1259 955 1304 C.
991 1258 1049 1303 L.
1090 1272 1137 1314 p.
1180 1254 1297 1301 234.
1321 1290 1334 1312 ‚
1375 1271 1469 1315 quo
1506 1259 1553 1302 in
1585 1259 1760 1303 iudicio
1789 1259 1987 1303 ferendo
2019 1259 2334 1303 inveteratum
2363 1260 2467 1303 eius
2497 1261 2723 1304 adversus
2755 1259 2958 1303 Gorium
2988 1260 3153 1303 odium
3245 1254 3254 1263 '

657 1364 751 1394 non
788 1349 1031 1392 minimam
1068 1353 1255 1403 partem
1297 1347 1482 1391 videtur
1524 1346 1767 1392 habuisse.
1843 1346 2015 1391 Plures
2048 1346 2193 1403 igitur
2224 1347 2403 1401 lapides
2439 1346 2906 1392 mccAnmANos
2942 1347 3002 1391 ab
3047 1348 3151 1392 eius

656 1438 870 1483 censuris
905 1437 1080 1481 merito
1122 1436 1375 1479 vindicavit
1410 1433 1492 1478 del
1518 1434 1755 1495 Signore.
1830 1432 2040 1489 (Mur-mi
2074 1433 2419 1480 Bit-cordiani.
2481 1434 2689 1480 strenze
2731 1433 2881 1481 1781.
2923 1433 2997 1490 4.)

794 1525 975 1570 Rossl
1028 1526 1128 1569 sive
1183 1523 1434 1567 Rvssssvs
1489 1521 1768 1579 (Octavius)
1829 1524 1959 1580 Quae
2015 1524 2062 1566 iu
2113 1525 2214 1568 eius
2260 1521 2504 1568 Memorio
2550 1522 2825 1568 Breseicme
2875 1524 3153 1569 referuntur

656 1614 1029 1670 Inscriptiones,
1068 1615 1142 1657 vel
1176 1612 1492 1671 negligentius
1531 1616 1640 1655 sunt
1665 1612 1961 1666 exscriptae,
1999 1613 2073 1656 vel
2108 1613 2360 1659 manifesto
2397 1613 2620 1668 spuriae;
2660 1614 2792 1670 isque
2818 1614 3042 1666 omnino,
3082 1616 3156 1657 tot
3187 1632 3198 1643 r

657 1717 801 1762 quum
841 1703 1062 1748 exhibeat
1109 1702 1272 1745 titulos
1313 1700 1464 1744 falsos
1506 1702 1552 1745 in
1601 1679 1809 1744 aliorum
1849 1700 2041 1755 scriptis
2088 1715 2230 1755 saepe
2271 1705 2531 1761 repetitos,
2589 1702 2886 1756 disciplinam
2935 1706 3151 1746 nostram

657 1792 778 1837 baud
797 1790 907 1835 flevi
944 1791 1230 1835 detrimento
1272 1790 1447 1833 affecit.
1544 1788 1728 1845 Quibus
1783 1794 2065 1845 tamenpro
2099 1790 2285 1834 meritis
2322 1803 2462 1847 quam
2497 1788 2758 1835 honorifice
2802 1794 2851 1835 et
2891 1790 3155 1835 liberaliter

634 1893 770 1939 ‚eum
803 1879 1096 1924 remunerati
1136 1878 1230 1921 sint
1265 1867 1499 1931 Brixiani,
1538 1878 1714 1922 videsis
1751 1878 1875 1932 apud
1911 1876 2071 1921 Labus
2106 1875 2418 1923 Monumenti
2447 1879 2665 1936 scopet-u*
2698 1879 2753 1922 in
2775 1875 2987 1922 Brescia
3023 1891 3072 1933 p.
3097 1876 3148 1924 7.

658 1968 764 2014 cfr.
817 1968 1016 2012 eundem
1045 1967 1219 2010 Virum
1268 1965 1471 2010 Clariss.
1522 1966 1571 2009 in
1618 1964 1791 2010 Miltia
1835 1963 2084 2026 M'ogazin
2131 1966 2544 2026 encyclopc‘dique
2586 1967 2648 2011 T.
2695 1967 2760 2011 11.
2810 1965 2953 2011 Aer-il
2998 1963 3149 2011 1818.

655 2070 706 2113 p.
747 2052 868 2100 201.
943 2055 1049 2109 lpse
1086 2054 1201 2098 mibi
1239 2066 1399 2109 nuper>
1425 2054 1654 2109 scripsit:
1714 2051 1996 2108 „Oltraccid
2034 2055 2118 2099 che
2154 2067 2215 2098 vo
2253 2056 2528 2110 replicando
2566 2070 2656 2113 qna
2694 2070 2718 2100 e
2756 2053 2860 2099 cola
2896 2055 3020 2099 nelle
3057 2054 3156 2099 mie

659 2148 903 2201 operette,
943 2143 1004 2186 ho
1041 2148 1171 2187 tanto
1207 2140 1267 2186 in¹
1294 2156 1435 2186 mano
1472 2156 1558 2198 per
1593 2155 1797 2201 provare
1834 2143 2379 2189 evidentissimamente:
2425 2142 2470 2187 1.
2511 2144 2596 2188 che
2639 2157 2733 2187 non
2776 2156 2921 2199 sapea
2961 2143 3157 2202 leggere

659 2230 717 2279 ne
750 2234 1038 2287 interpretai-
1075 2233 1118 2275 le
1156 2231 1419 2275 iscrizioni.
1497 2228 1546 2275 2.
1587 2230 1672 2275 che
1708 2231 1992 2275 mollissime
2036 2231 2222 2276 sincere
2259 2232 2302 2275 le
2339 2228 2522 2287 altero,
2578 2246 2666 2288 per
2706 2233 2752 2276 la
2795 2232 2917 2276 falsa
2957 2232 3064 2275 idea
3105 2231 3154 2275 di

659 2322 745 2367 dar
783 2323 937 2365 lustro
975 2320 1069 2364 alla
1105 2333 1192 2365 sua
1228 2320 1382 2374 patria
1418 2332 1507 2363 con
1544 2318 1788 2363 ricchezze
1827 2332 1919 2362 non
1956 2320 2095 2364 sue.”

795 2409 1138 2454 nvPERTvs
1177 2404 1481 2464 (clai-iatoph.
1526 2406 1771 2463 Adamas)
1809 2407 2006 2463 Saepius
2047 2407 2218 2452 accidit
2243 2439 2256 2462 ,
2311 2412 2363 2451 ut
2394 2405 2618 2453 Reinesii
2652 2413 2701 2453 et
2734 2408 3020 2452 RVPERTI
3056 2408 3158 2463 epi-

659 2500 807 2544 stolas
852 2498 1123 2552 laudaturi,
1179 2495 1467 2551 Betae-sium
1505 2509 1594 2551 pro
1636 2471 1943 2541 R'VPER'm
1981 2497 2055 2541 vel
2091 2496 2473 2551 praedicaverint
2508 2497 2579 2542 vel
2616 2497 3013 2552 reprehenderint
3045 2498 3156 2541 VV.

624 2576 762 2633 vn.
801 2600 850 2631 v.
891 2601 934 2631 c.
977 2583 1167 2631 corius
1201 2584 1309 2629 mr.
1353 2580 1400 2628 3.
1442 2598 1490 2640 p.
1534 2581 1652 2629 275.
1691 2581 1931 2646 Maffetu.
1974 2585 2092 2643 Sigl.
2132 2598 2208 2643 gr.
2247 2598 2297 2641 p.
2348 2581 2465 2629 101.
2505 2606 2572 2616 —
2609 2583 2886 2629 merus.

797 2674 1158 2719 RvssmGER
1195 2671 1444 2729 (Iacobus)
1482 2673 1644 2716 Variis
1680 2673 1728 2715 in
1766 2673 2043 2737 opusculis,
2084 2674 2375 2731 antiquitatis
2417 2674 2648 2718 leviorem
2683 2674 2878 2717 omnino
2909 2673 3160 2718 scientiam

658 2764 1123 2840 demonstrantibus,
1166 2776 1283 2820 quae
1313 2760 1548 2805 Basileae
1590 2757 1971 2808 1615—1628.
2014 2762 2192 2817 edidit,
2248 2762 2395 2806 falsas
2431 2776 2617 2807 merces
2655 2763 2696 2807 si
2733 2778 2827 2807 non
2864 2763 2964 2818 ipse
3005 2763 3157 2807 fabri-

659 2857 791 2897 catus
828 2857 928 2907 est,
969 2854 1087 2896 tales
1124 2856 1253 2895 certe
1292 2850 1528 2894 interdum
1563 2849 1838 2892 venditavit.
1896 2849 1980 2894 m.

800 2939 1213 2985 SALOMOMVS
1251 2936 1502 2993 (Iacobus)
1540 2937 1587 2981 in
1623 2935 2045 2994 Inscriptionibue
2080 2937 2248 2981 sacris
2291 2927 2606 2996 et'prosam's
2648 2939 2770 2999 agri
2809 2938 3040 2984 Patavini
3078 2953 3157 2984 re-

659 3028 900 3074 centiores
926 3029 1129 3072 maxime
1162 3026 1382 3084 collegit,
1422 3017 1629 3082 antiquis
1649 3040 1673 3070 e
1698 3023 2005 3070 Sem-deom'o
2032 3030 2079 3071 et
2116 3022 2298 3070 Vreolo
2335 3028 2626 3085 desumptis;
2666 3029 2768 3083 ipse
2797 3028 2945 3087 igitur
2980 3027 3160 3073 nullam

658 3129 862 3174 prorsus
899 3116 1042 3160 habet
1077 3115 1426 3160 auctoritatem.
1489 3114 1574 3157 ln.

803 3204 1086 3251 SARAYNA
1101 3201 1414 3258 (Tam-ellus)
1434 3201 1663 3247 Plurimis
1680 3202 1810 3246 vitiis
1829 3201 2097 3259 inquinatae
2117 3206 2227 3246 sunt
2244 3203 2347 3247 eius
2366 3203 2702 3258 inscriptiones
2716 3175 3042 3250 veronenses.
3072 3204 3160 3250 m.

801 3277 1178 3338 SAUVAGERE
1214 3304 1261 3336 v.
1306 3288 1511 3351 Veri-el.

800 3380 1116 3427 SCALIGER
1153 3376 1414 3438 (Iosephus
1449 3370 1639 3434 Iustus)
1677 3377 1797 3422 Huic
1833 3391 2019 3436 quoque
2057 3378 2292 3423 acerrimo
2333 3384 2381 3424 et
2409 3380 2824 3435 perspicacissimo
2855 3381 2996 3424 iudici
3027 3394 3160 3425 com-

661 3471 887 3517 menticia
922 3471 1158 3514 interdum
1193 3468 1251 3512 ab
1290 3468 1456 3512 amicis
1491 3468 1638 3511 missa
1663 3472 1801 3519 sunt,
1829 3449 1982 3510 „veluti
2012 3466 2151 3510 Grut.
2192 3468 2334 3522 Spur.
2377 3464 2402 3511 6
2422 3500 2436 3522 ,
2478 3465 2527 3511 2.
2604 3467 2800 3525 „Spero
2828 3482 2934 3523 me,
2973 3469 3158 3526 inquit,

662 3559 1028 3618 Inscriptionee
1064 3554 1309 3617 quasdam
1343 3555 1557 3615 optimas
1580 3587 1593 3610 ,
1639 3553 1858 3599 nondum
1898 3535 2065 3609 visos,
2110 3568 2178 3599 ex
2213 3554 2481 3600 Provincia
2518 3555 2842 3614 adepturum,
2882 3562 2936 3600 ut
2974 3563 3021 3600 ee
3047 3571 3160 3602 cor-

664 3649 906 3693 rectiores
955 3659 1159 3700 earum,
1213 3658 1339 3704 quas
1381 3657 1414 3687 α
1464 3657 1540 3686 me
1583 3641 1816 3696 edidisti,
1864 3641 1949 3686 ubi
1982 3643 2141 3686 multo
2169 3656 2439 3701 perperam
2480 3643 2541 3686 ab
2584 3644 2693 3688 illie
2735 3645 2996 3702 exscripta
3016 3676 3030 3700 ,
3077 3647 3167 3703 qui

578 3765 585 3770 -
663 3738 786 3782 illae
822 3733 948 3780 mihi
982 3733 1241 3802 dederont.
1280 3731 1528 3777 scama.
1568 3731 1659 3786 Ep.
1697 3728 1816 3776 429.
1857 3733 1915 3774 ad
1952 3729 2222 3775 Gruterum
2255 3732 2431 3786 scripta
2460 3746 2505 3775 a.
2545 3729 2694 3777 1606.
2771 3732 2968 3777 Notabis
3001 3748 3162 3779 emen-

664 3827 880 3870 dationes
933 3824 1042 3867 illas
1095 3836 1187 3866 non
1236 3822 1508 3876 prodiisse,
1572 3819 1699 3864 edito
1753 3820 1847 3864 iam
1905 3815 2055 3863 1603.
2107 3817 2316 3872 Gruter-i
2361 3820 2648 3878 Thesauro;
2710 3822 2756 3865 in
2811 3811 2904 3878 quo
2958 3824 3158 3876 proinde

664 3914 1002 3968 inscriptiones
1039 3910 1098 3962 ab
1142 3903 1500 3954 SCALIGERO
1540 3913 1762 3962 acceptos
1802 3909 1921 3952 scito
1965 3921 2140 3952 naevos
2176 3907 2383 3962 habere,
2448 3923 2599 3965 neque
2636 3922 2800 3954 omnes
2830 3911 3160 3954 emendatissi-
3198 3922 3202 3926 ·

667 4014 772 4046 mas
812 4002 861 4045 in
901 3997 1121 4045 Gruter-o
1154 3998 1278 4058 legi,
1321 3998 1485 4055 quales
1516 3998 1820 4055 legerentur,
1860 3997 1902 4040 si
1940 3996 1997 4039 ab
2036 3994 2394 4041 senum-:Ro
2433 3988 2708 4062 αὑτόπτη
2728 4003 2890 4043 essent
2916 4004 3157 4054 exceptae,

666 4094 716 4135 et
746 4087 964 4135 cratero
1000 4086 1438 4131 subministratae.”
1507 4084 1783 4129 HAGENB.
2678 4057 2690 4076 ι

807 4174 1250 4221 scARnEomvs
1287 4172 1676 4230 (Bet-nardium)
1724 4172 2010 4227 „incuriose
2054 4171 2307 4226 descripsit
2355 4169 2828 4229 scARDEONtvs,
2904 4179 2956 4218 ut
3002 4174 3164 4218 omnia

664 4278 853 4323 paene,
895 4278 1012 4322 quae
1038 4264 1218 4308 dedite·
1268 4261 1467 4307 Reme..
1507 4274 1555 4317 p.
1587 4258 1704 4305 278.
1735 4260 1793 4303 aa
1829 4260 1905 4304 οι.
1957 4261 2020 4304 ιι.
2052 4257 2135 4304 4³.
2178 4260 2282 4304 cr».
2321 4257 2518 4320 Μαχμᾶ
2542 4264 2597 4305 A.
2629 4240 2862 4318 C.1..‘p.
2896 4260 3010 4306 160.
3042 4259 3163 4308 202.

808 4347 1071 4397 SCARFO'
1092 4351 1325 4406 (Ioannes
1356 4346 1762 4408 Chr-yconomus)
1796 4348 2412 4403 puerilibus-commentis,
2452 4325 2652 4394 draecis
2689 4352 3003 4407 praesertim,
3044 4365 3165 4408 quae

666 4443 868 4487 miserat
906 4438 1191 4485 Μιναῖοι-ἑο
1213 4470 1227 4494 ,
1284 4439 1405 4482 hunc
1442 4443 1599 4482 tamen
1634 4438 1830 4482 minime
1873 4437 2087 4492 decepit,
2143 4441 2309 4481 cuncta
2343 4437 2468 4482 inter
2502 4439 2692 4492 spurias
2727 4439 3020 4485 referentem
3053 4453 3165 4499 pag.

673 4529 827 4577 1817.
873 4528 920 4574 1.
962 4531 1104 4586 seqq.
2110 4581 2112 4584 v

808 4617 1109 4671 scamus,
1168 4627 1472 4673 quoscunque
1514 4615 1702 4659 demum
1744 4619 1965 4658 auctores
2014 4626 2129 4668 prae
2173 4626 2224 4657 se
2273 4612 2465 4668 ferant,
2521 4628 2615 4658 non
2663 4616 2806 4658 modo
2854 4617 3009 4660 minus
3060 4630 3168 4663 esse

668 4708 1005 4760 tribuendum,
1056 4718 1196 4763 quam
1233 4702 1579 4757 scriptoribus,
1632 4703 1709 4760 qui
1749 4703 1930 4758 lapides
1973 4702 2103 4756 ipsos
2138 4697 2186 4746 in
2224 4701 2375 4745 libros
2412 4714 2526 4746 suos
2561 4703 2845 4759 retulerint,
2898 4707 2983 4749 sed
3019 4706 3170 4760 probe

668 4798 817 4843 etiam
853 4794 1079 4852 distingui
1116 4791 1288 4837 debere
1327 4792 1452 4834 inter
1487 4789 1877 4834 sanDARVM
1914 4779 2289 4862 αὐτόγραφα
2326 4797 2374 4836 et
2410 4780 2784 4866 ἁπόγραφα,
2836 4794 2953 4838 satis
2996 4800 3171 4839 norunt

663 4899 866 4940 omnes,
905 4883 988 4942 qui
1030 4883 1106 4926 vel
1142 4881 1315 4925 leviter
1352 4879 1471 4924 banc
1500 4878 1800 4934 disciplinam
1835 4879 2056 4938 attigere.
2129 4877 2405 4924 HAGENB.
